1815 2973
284 227 307 275 ”«
334 238 524 291 legiones
552 237 595 277 in
625 239 762 277 castra
791 199 1020 277 Claudiana
1044 246 1174 290 supra
1201 229 1441 287 Suessulam

287 318 310 340 ·«
338 303 614 355 ducerentur.
638 303 755 350 Quae
785 302 841 342 ibi
869 301 1055 354 legiones
1076 305 1213 343 essent
1233 301 1373 357 (erant
1389 287 1528 346 autem
1583 334 1589 339 .
1647 356 1653 364 Ι

287 386 309 408 «
337 370 571 410 Cannensis
600 368 778 408 maxime
807 366 1052 421 exercitus),
1085 380 1157 408 eas
1195 367 1301 422 App.
1320 360 1530 426 Claudius

288 453 309 474 «
339 434 522 476 Pulcher
542 437 708 487 praetor
742 433 783 472 in
814 433 998 492 Siciliam
1028 434 1237 481 traiceret,
1268 446 1456 487 quaeque
1485 436 1529 475 in

285 505 306 537 ·«
338 501 479 542 Sicilia
508 503 633 545 esset,
674 501 845 540 Romam
885 498 1220 551 deportarentur.
1262 499 1325 540 Ad
1370 501 1529 540 exerci-

284 557 308 605 ''‹
339 571 441 615 tum,
458 566 523 607 cui
553 565 605 607 ad
634 564 964 607 conveniendum
995 564 1116 606 Cales
1146 565 1278 606 edicta
1308 565 1393 606 di'es
1424 570 1526 611 erat,

287 624 310 669 ²'«
339 633 394 673 M.
414 632 610 671 Claudius
627 630 850 670 Marcellus
867 631 1032 677 missus,
1051 631 1167 684 isque
1186 631 1318 670 iussus
1336 631 1375 669 in
1393 635 1530 671 castra

289 717 310 737 «
344 699 571 740 Claudiana
603 696 805 737 deducere
835 696 1018 738 urbanas
1047 698 1296 750 legiones.»

340 764 485 813 23,32‚
501 763 520 803 1
567 776 678 816 seqq.
723 778 744 799 ‹<
786 762 985 804 Consules
1031 764 1240 804 exercitus
1289 763 1397 803 intel
1443 740 1532 803 sese

286 847 308 868 «
340 832 593 872 diviserunt.
626 829 752 870 Fabio
782 830 992 869 exercitus
1021 829 1162 877 Teani,
1194 829 1258 869 cui
1300 828 1356 869 M.
1389 829 1531 869 Iunius

289 914 310 934 «
343 898 520 938 dictator
537 895 790 949 praefuerat,
808 897 957 942 evenit3
979 894 1533 947 Semproniorvolonesque-

293 980 313 1000 «
343 964 497 1016 fier-ent
526 966 566 1001 et
596 962 799 1001 sociorum
821 961 968 1013 viginti
998 961 1177 1012 quinque
1206 961 1340 1007 milia;
1368 961 1424 1001 M.
1447 962 1533 1001 Va-

288 1046 310 1065 «
343 1029 448 1068 lerio
478 1028 661 1080 praetori
691 1026 886 1078 legiones,
919 1038 1026 1077 quae
1056 1038 1107 1065 ex
1137 1026 1274 1066 Sicilia
1313 1026 1528 1072 redissent,

288 1111 309 1130 «
344 1095 562 1141 decretae;
596 1092 652 1132 M.
685 1090 885 1133 Claudius
914 1091 1188 1143 proconsule
1219 1091 1270 1131 ad
1299 1104 1391 1131 eum
1413 1104 1534 1132 exer-

288 1176 309 1197 «
341 1161 489 1207 citum,
536 1158 605 1211 qui
649 1169 774 1210 supra
811 1156 1047 1199 Suessulam
1091 1157 1218 1198 Nolae
1261 1158 1529 1211 praesideret,

290 1243 311 1263 «
342 1226 490 1266 missus
510 1254 888 1265 .............
930 1224 984 1263 Et
1011 1223 1170 1263 Romae
1198 1224 1390 1264 consules
1421 1228 1530 1264 tran-

293 1309 313 1330 «
346 1292 470 1333 sactis
500 1291 640 1337 rebus,
674 1302 779 1342 quae
809 1290 850 1329 in
880 1290 982 1330 urbe
1010 1290 1197 1341 agendae
1227 1295 1360 1337 erant,
1393 1303 1532 1330 move-

290 1374 310 1394 «
342 1358 444 1398 bant
473 1357 554 1396 iam
583 1368 672 1396 sese
694 1355 746 1395 ad
774 1354 943 1395 bellum.
968 1355 1028 1395 Ti.
1050 1355 1313 1409 Sempronius
1336 1357 1531 1397 militibus

289 1440 310 1461 «
340 1423 576 1464 Sinuessam
606 1422 711 1462 diem
742 1420 793 1461 ad
823 1422 1151 1462 conveniendum
1181 1421 1337 1463 edixit.
1361 1454 1383 1463 ..
1407 1454 1414 1463 .
1437 1453 1474 1463 ..
1523 1454 1531 1463 .

286 1504 308 1525 «
339 1488 556 1530 Valerium
573 1491 806 1543 praetorem
827 1487 868 1526 in
888 1486 1079 1540 Apuliam
1098 1487 1158 1527 ire
1174 1487 1326 1541 placuit
1347 1488 1397 1529 ad
1418 1499 1534 1530 exer·

289 1572 309 1592 «
341 1554 468 1595 cit‘um
512 1566 536 1594 a
583 1554 776 1593 Terentio
816 1553 1113 1605 accipiendum;
1158 1566 1249 1593 cum
1294 1567 1346 1594 ex
1391 1556 1532 1596 Sicilia

288 1636 309 1657 «
340 1616 525 1674 legiones
555 1618 781 1664 venissent,
814 1618 863 1658 iis
894 1618 1150 1671 potissimum
1180 1620 1238 1658 uti
1268 1619 1320 1659 ad
1350 1621 1532 1674 regionis

287 1704 308 1722 «κ
341 1688 430 1727 eius
467 1684 737 1738 praesidium,
768 1685 1061 1724 Terentianum
1103 1684 1386 1738 (Tarentum)
1427 1688 1532 1726 mitti

285 1768 306 1789 «
338 1764 430 1793 cum
460 1751 596 1804 aliquo
632 1750 881 1803 legatorum.
914 1750 964 1790 Et
1000 1750 1147 1803 viginti
1186 1753 1367 1805 quinque
1403 1765 1531 1793 naves

287 1835 309 1855 «
337 1818 478 1866 datae,
505 1818 653 1869 quibus
682 1828 797 1856 oram
827 1816 1073 1855 maritimam
1102 1818 1212 1856 inter
1259 1818 1527 1858 Brundisium

291 1901 312 1921 «
342 1897 392 1925 ac
421 1885 647 1924 Tarentum
678 1882 804 1922 tutari
833 1885 984 1934 posset.
1016 1883 1102 1922 Par
1132 1883 1300 1922 navium
1330 1896 1534 1924 numerus

290 1966 312 1987 «
340 1949 390 1995 Q.
413 1948 560 1988 Fulvio
589 1948 772 2001 praetori
801 1948 962 1992 urbano
992 1947 1183 1988 decretus
1214 1949 1265 1988 ad
1295 1950 1532 1990 suburbana

288 2033 310 2052 «
341 2017 465 2056 litora
509 2014 698 2055 tutanda.
730 2013 775 2053 C.
809 2014 1003 2054 Terentio
1041 2015 1281 2066 proconsuli
1321 2017 1530 2067 negotium

287 2097 310 2119 «
339 2082 479 2123 datum
511 2084 556 2120 ut
585 2081 626 2119 in
656 2080 810 2119 Piceno
840 2091 941 2131 agro
981 2080 1319 2131 conquisitionem
1355 2083 1529 2123 militum

285 2164 306 2184 «
337 2147 512 2188 haberet
540 2146 721 2199 locisque
741 2145 807 2185 his
826 2144 1028 2198 praesidio
1049 2151 1172 2187 esset.
1196 2146 1247 2186 Et
1268 2147 1313 2188 T.
1337 2149 1524 2190 otacilius

289 2230 310 2250 «
342 2215 534 2255 Crassus
537 2240 694 2253 ......
726 2211 770 2251 in
791 2212 974 2252 Siciliam
995 2202 1085 2252 cum
1109 2213 1292 2265 imperio,
1316 2214 1383 2267 qui
1406 2214 1530 2256 classi

286 2296 307 2316 «
339 2292 442 2334 prae
471 2282 593 2328 esset,
624 2279 789 2318 missus.
825 2294 845 2314 »
1560 2279 1563 2281 ’

393 2345 447 2385 V.
479 2345 592 2398 E'rgo
622 2348 714 2385 erat
742 2346 897 2386 Romae
928 2345 1066 2385 eadem
1110 2358 1214 2398 quae
1249 2346 1369 2399 paulo
1410 2351 1528 2388 antea

288 2413 563 2467 ingenuorum
587 2411 743 2465 inopia>3
765 2411 866 2452 adeo
900 2416 941 2453 ut
972 2412 1144 2453 Romani
1174 2411 1366 2454 dederint
1386 2414 1429 2454 C.
1455 2414 1530 2455 Te-
