1815 2973
318 144 364 181 eo
597 136 1254 192 »nnuman-nuntiam

278 221 322 261 in
363 225 497 263 morte
537 220 751 262 narranda
792 220 932 273 magni
970 217 1221 262 Hamilcaris
1248 194 1420 275 Livius
1428 214 1526 264 futtss
1566 206 1575 212 ⁹

278 298 399 339 quam
427 284 639 339 Polybius,
669 283 793 328 causa
822 287 907 337 non
936 289 1001 327 est
1027 298 1102 327 cur
1114 286 1344 338 utriusque
1372 274 1521 329 narra-

277 352 402 392 tionis
429 351 736 395 similitudinem
764 350 907 405 neges.
938 350 1038 400 Pari
1065 347 1519 403 modo,.Ca1-thaginem

278 416 435 457 Novam
463 417 515 457 ab
544 416 803 458 Hasdrubale
832 412 1052 458 conditam‘
1068 415 1194 457 fuisse
1222 418 1370 456 narrat
1395 415 1524 467 Poly·
1584 449 1590 458 .

279 482 382 528 hius,
417 482 567 522 omittit
597 482 760 522 Livius.
793 480 839 523 In
867 481 951 521 alio
980 493 1003 521 e
1032 480 1241 522 contrario
1260 479 1380 533 plura
1399 479 1526 520 habet

279 548 418 588 Livius
446 559 568 601 quam
598 546 806 600 Polybius,
825 548 1019 587 nimirum
1049 547 1092 587 in
1121 559 1169 587 eo
1197 546 1305 599 quod
1334 546 1386 587 ad
1415 558 1523 587 mor-

278 611 362 653 tem
380 612 605 654 violentam
624 612 894 658 Hasdrubalis
914 613 1062 653 attinet
1083 625 1092 653 :
1115 612 1170 653 cf.
1190 611 1348 654 Livium
1367 610 1522 661 21‚2,6.

279 678 425 732 Polyb.
454 678 604 728 2‚36,1.
637 679 863 733 Utriusque
893 679 1025 720 verba
1049 678 1269 720 adscribo:

498 832 652 863 LIVIUS.
1102 831 1327 861 POLYBIUS

286 924 301 945 α
325 906 531 948 barbarus
574 920 665 947 eum
708 906 871 959 quidam

285 979 305 999 «
326 962 462 1016 palam
473 963 524 1003 ob
543 962 647 1002 iram
662 961 870 1002 interfecti

285 1032 304 1052 ‹
327 1018 379 1058 ab
399 1030 447 1057 eo
467 1017 619 1057 domini
635 1016 868 1064 obtruncat3

286 1087 307 1108 «
327 1083 676 1125 comprensusque
704 1071 756 1111 ab
791 1072 873 1111 cir-—

284 1145 303 1161 «
325 1125 622 1166 cumstantibus
643 1125 754 1165 haud
772 1125 869 1173 alio,

940 919 959 941 ‹
979 903 1168 950 ἰτελεὺτησε
1205 905 1467 967 δολοφονηθεὶς
1488 905 1522 942 ἐν

939 969 958 990 ‹
976 960 1048 996 τοῖς
1066 956 1190 991 ἑαυτοῦ
1213 954 1428 1003 καταλύμασι
1447 968 1525 992 νυκ-

939 1019 959 1040 ‹
978 1006 1034 1046 τὸς
1073 1005 1138 1040 ὑπό
1180 1018 1264 1045 τινος
1301 1005 1443 1041 Κελτοῦ
1484 1005 1525 1041 τό

939 1068 958 1089 ‹
977 1052 1072 1102 γένος
1097 1053 1193 1091 ἰδίων
1227 1053 1323 1091 ἕνεκα
1358 1054 1525 1102 ἀδικημά-

938 1117 958 1138 ‹
976 1116 1058 1142 των.
1081 1119 1101 1138 »

286 1196 307 1216 «
326 1192 447 1234 quam
468 1181 503 1219 si
517 1180 729 1228 evasisset,
740 1179 870 1227 vultu,

285 1235 542 1275 «tormentis
579 1246 741 1286 quoque
778 1246 871 1274 cum

286 1289 586 1329 «laceraretur
614 1300 663 1328 eo
692 1289 773 1328 fuit
798 1288 873 1328 ha-

286 1359 307 1381 «
324 1344 414 1385 bitu
442 1344 538 1390 oris,
569 1345 614 1383 ut
649 1347 871 1397 superante

284 1414 305 1434 «
325 1399 483 1438 laetitia
513 1398 675 1437 dolores
695 1398 872 1437 ridentis

286 1467 307 1492 α
326 1453 450 1493 etiam
480 1453 658 1506 speciem
675 1453 875 1507 praebue-

285 1524 306 1544 θ
326 1509 394 1548 rit.
426 1525 447 1545 »

334 1659 548 1701 Fortitudo
577 1660 755 1701 hominis
798 1660 911 1700 illius
951 1659 1222 1701 celeberrima
1251 1662 1382 1701 evasit
1411 1660 1518 1712 apud

282 1724 491 1765 Romanos
533 1725 604 1778 (cf.
649 1724 797 1766 Valer.
821 1726 956 1766 ·MaX.
1003 1725 1087 1773 3,3,
1119 1725 1217 1767 Ext.
1247 1727 1273 1766 7
1305 1741 1325 1763 ‹
1347 1737 1519 1778 cumque

287 1807 308 1829 «
336 1782 652 1844 comprehensus
689 1791 800 1831 omni
842 1790 961 1831 modo
1003 1791 1261 1831 cruciaretur
1280 1822 1289 1839 ,
1321 1791 1518 1831 laetitiam

284 1871 305 1892 «
337 1861 488 1902 tamen,
519 1867 641 1907 quam
670 1868 724 1896 ex
743 1855 925 1896 vindicta
945 1860 1124 1909 ceperat,
1147 1857 1189 1901 in
1219 1868 1292 1897 ore
1326 1861 1521 1897 constan·
1548 1909 1550 1911 .

281 1921 441 1961 tissime
468 1922 653 1961 retinuit.
682 1935 704 1958 ›
736 1921 877 1961 Verba
906 1921 1068 1962 laetitia
1096 1925 1218 1973 atque
1237 1932 1285 1962 os
1303 1920 1521 1961 ostendere

284 1985 385 2026 mihi
427 1984 622 2026 videntur
664 1985 811 2028 Valer.
854 1986 966 2026 Max,
1011 1997 1035 2026 a
1075 1987 1193 2027 Livio
1236 1990 1364 2026 totum
1407 1998 1521 2027 esse.

281 2051 344 2092 Cf.
386 2051 593 2092 Justinum
635 2051 734 2100 44‚2
778 2067 802 2088 «
830 2051 939 2090 inter
971 2055 1174 2092 tormenta
1203 2052 1290 2093 risu
1319 2052 1521 2093 exultavit

283 2134 306 2157 ‹
335 2128 562 2171 serenaque
576 2117 738 2158 laetitia
757 2116 1039 2158 crudelitatem
1061 2119 1339 2170 torquentium
1355 2118 1470 2160 vicit.
1489 2134 1513 2173 r»

279 2184 464 2224 Justinus
492 2196 650 2236 quoque
678 2183 746 2224 vel
775 2195 800 2224 a
829 2183 940 2223 Livio
968 2183 1038 2223 vel
1057 2183 1110 2223 ab
1130 2189 1298 2225 auctore
1318 2189 1379 2225 est
1398 2180 1537 2237 quem'

281 2250 422 2290 Livius
452 2253 515 2289 est
543 2248 737 2306 secutus).
783 2249 850 2289 Ex
883 2261 962 2301 quo
991 2249 1146 2290 factum
1174 2254 1237 2291 est
1264 2255 1310 2291 ut
1338 2263 1428 2291 cum
1457 2250 1520 2291 rei

282 2317 429 2365 notitia
447 2316 690 2368 pervulgata
710 2318 829 2363 esset,
850 2327 939 2355 eam
959 2315 1088 2356 nollet
1106 2318 1306 2364 emittere,
1330 2316 1406 2356 etsi
1421 2315 1521 2356 omi-

283 2382 403 2422 sisset
431 2381 638 2434 Polybius,
663 2380 714 2436 (is
745 2381 855 2422 enim
877 2394 943 2423 res
962 2381 1193 2423 huiusmodi
1211 2395 1316 2434 quae
1338 2383 1380 2423 in
1399 2383 1518 2434 gravi
