1815 2973
605 223 666 263 im
674 218 842 264 romnus
854 227 935 263 ‘ni-1
958 237 1032 263 un
1052 229 1110 270 21,
1127 214 1204 262 1-20
1443 211 1488 261 69

206 318 208 320 ·
234 284 354 349 ,seda
374 278 499 347 Dind.
521 292 653 354 '2‘236-
660 296 817 359 seqq).
833 308 1022 360 namque
1043 306 1159 359 apud
1187 303 1420 358 utru'm'que,
1441 304 1531 344 Dio-

290 381 385 412 nem
420 371 485 413 aio
526 376 568 413 et
608 372 767 420 Zonar„
799 372 980 425 legimus
1018 373 1061 412 in
1115 373 1269 414 Senatu
1311 370 1530 424 perorasse

287 435 337 477 L‘.
366 437 606 477 Cornelium
637 403 858 477 Lentulum
886 438 930 488 in
950 450 1074 477 unam
1096 437 1355 485 sententiam,
1377 438 1427 484 Q.
1451 436 1530 476 Fa-

288 502 398 542 biu‘m
428 503 653 543 Maximum
682 504 726 543 in
755 503 953 551 alteram,
984 513 1091 555 quae
1131 504 1271 543 ,omnia
1305 502 1412 555 apud
1441 502 1528 541 Liv.

289 567 589 609 desiderantur.
613 569 737 610 Certe
757 581 806 608 ea
826 568 1030 608 derivavit
1051 569 1123 608 Dio
1143 581 1197 609 ex
1216 568 1343 608 Fabio
1363 568 1527 607 Pictore

291 634 360 686 qui
389 634 487 674 talia
516 635 604 674 sine
635 633 756 674 dubio
779 633 1001 685 diligenter
1019 637 1081 673 est
1108 638 1344 685 persecutus
1369 632 1527 687 (Zonar.

295 710 348 738 ex
367 698 525 752 Dione).
548 699 604 737 At
622 698 710 738 Liv.
735 710 784 737 ea
811 698 981 738 deduxit
1001 710 1054 738 ex
1073 702 1257 748 auctore,
1281 703 1324 739 ut
1343 711 1435 739 mox
1456 710 1529 739 ex-

297 763 471 816 plicabo,
503 765 572 816 qui
594 760 816 815 'Polybium
844 768 904 803 est
935 770 1111 804 secutus.

294 898 359 935 ter
396 894 530 944 21,5;
576 886 640 942 18,
654 895 772 945 8-19,
788 896 827 943 6,
875 895 1218 947 deprehendimus
1264 896 1385 942 21‚1.
1415 896 1455 937 2.
1487 897 1525 936 6.

291 960 512 1005 Quaeritur
541 960 623 999 iam
656 959 765 999 unde
795 973 844 1000 ea
888 961 968 1000 sint
1009 961 1244 1013 repetenda.
1290 963 1335 1002 In
1373 961 1528 1001 duobus

292 1025 373 1064 illis
401 1026 505 1065 locis
534 1025 635 1065 adeo
656 1027 860 1065 consentit
881 1026 1020 1065 Livius
1042 1039 1134 1066 cum
1155 1028 1338 1078 Polybio,
1360 1032 1405 1066 ut
1436 1039 1526 1065 eum

291 1091 464 1129 vertisse
493 1090 633 1130 multis
662 1091 777 1130 visus
799 1091 863 1129 sit.
883 1090 967 1130 Alii
986 1092 1139 1131 rectius
1158 1095 1376 1143 negarunt,
1407 1104 1530 1144 argu-

292 1156 439 1195 mentis
466 1160 601 1195 tamen
623 1169 754 1207 neque
774 1157 850 1208 ipsi
878 1157 975 1195 salis
995 1156 1113 1196 bonis
1131 1158 1212 1196 nisi
1232 1162 1346 1203 sunt,
1370 1170 1503 1209 neque
1518 1189 1527 1205 ,

292 1285 468 1325 medium
512 1286 751 1333 attulerunt,
783 1298 887 1338 quae
918 1286 1066 1325 similia
1098 1286 1338 1326 viderentur
1367 1288 1473 1326 veri.

293 1416 445 1469 sipatae
488 1420 721 1465 occurrant,
769 1415 1022 1456 cordatiores
1063 1416 1133 1468 qui
1166 1417 1321 1470 possint
1362 1416 1532 1457 credere

294 1482 535 1533 scriptorem
565 1483 700 1533 operis
744 1494 871 1533 prope
909 1483 1094 1521 immensi
1141 1483 1300 1521 Livium
1339 1482 1534 1533 pervolu-

293 1547 417 1587 tando
446 1547 661 1599 Polybium
693 1559 741 1587 ea
770 1547 867 1587 hinc
896 1550 1018 1599 atque
1047 1546 1163 1586 illinc
1206 1549 1410 1599 patienter
1448 1546 1533 1588 col-

239 1626 243 1630 ·
294 1613 454 1664 legisse,
485 1625 589 1663 quae
630 1612 775 1651 deinde
814 1613 999 1651 oratione
1044 1611 1237 1651 continua
1281 1613 1532 1664 exponeret.²

295 1677 482 1716 Alterum
503 1677 619 1717 addo.
654 1677 729 1716 Cui
749 1677 840 1717 Pol.
863 1681 1008 1718 auctor
1032 1676 1120 1725 fuit,
1143 1677 1298 1717 clarius
1324 1682 1364 1718 et
1383 1679 1533 1718 rectius

295 1744 423 1783 multo
439 1744 818 1783 commemoraverit
833 1744 1061 1794 legationes
1072 1744 1349 1783 Romanorum
1361 1748 1530 1796 oportet,

296 1821 416 1861 quam
444 1805 583 1848 Livius
612 1808 722 1848 fecit.
751 1809 933 1848 Tertium
962 1807 1090 1848 addo:
1122 1809 1166 1847 in
1201 1809 1340 1848 ver—bis
1368 1813 1408 1848 et
1426 1809 1533 1849 locu-

296 1875 474 1914 tionibus
504 1876 593 1914 Liv.
622 1886 714 1914 cum
742 1873 850 1921 Pol„
883 1875 917 1913 si
948 1886 1039 1913 eum
1068 1877 1232 1913 secutus
1253 1878 1376 1921 esset,
1400 1876 1530 1926 magis

267 1960 271 1964 -
296 1944 558 1992 congrueret;
587 1939 656 1979 ille
685 1940 792 1979 enim
822 1940 856 1979 si
886 1939 1047 1991 quando
1080 1939 1252 1992 Polybio
1273 1944 1334 1979 est
1352 1952 1465 1987 usus,
1480 1939 1531 1980 ad

296 2006 466 2045 verbum
491 2017 620 2057 paene
640 2004 688 2044 de
709 2018 757 2045 eo
777 2005 995 2045 convertit.
1017 2004 1099 2056 (Sic
1115 2004 1182 2051 21,
1201 2004 1250 2044 21
1276 2018 1386 2057 seqq,
1405 2005 1471 2044 Sic
1490 2006 1531 2043 in

297 2071 404 2111 libro
423 2070 488 2111 22.
505 2070 570 2110 Sic
588 2071 631 2110 in
648 2073 794 2123 quarta
815 2074 855 2110 et
874 2070 1015 2123 quinta
1035 2069 1217 2123 decade):
1242 2069 1381 2123 quodsi
1403 2070 1530 2110 semel

298 2136 402 2189 (Liv
434 2137 498 2183 21,
515 2137 554 2176 5.
583 2136 669 2176 Pol.
702 2137 740 2183 3,
758 2135 905 2188 13-14)
936 2135 988 2174 ad
1015 2136 1186 2174 verbum
1215 2147 1314 2174 vere
1350 2136 1459 2174 inter
1488 2147 1531 2173 se

298 2205 542 2254 congruunt,
562 2213 662 2242 cave
682 2201 886 2241 arbitrere
902 2199 1078 2241 alterum
1094 2200 1146 2241 ab
1162 2200 1292 2241 altero
1308 2204 1532 2241 mutuatum

298 2267 444 2316 fuisse;
470 2271 603 2306 statue
621 2268 744 2306 enim
750 2268 842 2307 Liv.
874 2266 1085 2313 21,5P01.
1119 2266 1304 2312 3,13-14
1333 2267 1527 2313 verterit;

298 2344 482 2380 curnam,
500 2333 724 2383 interrogo,
742 2336 914 2384 utroque
929 2331 1125 2371 historico
1146 2343 1168 2370 a
1185 2330 1305 2370 bellis
1321 2330 1534 2370 Hanniba-

299 2397 350 2436 lis
371 2401 516 2436 contra
536 2397 718 2444 Olcades,
740 2398 948 2436 Vaccaeos
966 2400 1005 2436 et
1021 2398 1275 2448 Carpetanos
1292 2391 1532 2436 transeunte

300 2462 351 2502 ad
368 2463 594 2515 legationes
611 2462 926 2514 Saguntinorum
942 2466 981 2502 et
995 2462 1273 2501 Romanorum
1289 2462 1395 2514 (Liv.
1412 2462 1478 2510 21,
1493 2462 1532 2502 6.

398 829 495 870 XV.
527 829 712 881 vestigia
740 830 867 881 igitur
895 829 1057 882 Polybii
1081 829 1188 882 apud
1208 830 1390 878 Livium,
1412 826 1550 884 prae-'

292 1221 362 1259 ubi
389 1222 465 1272 ipsi
493 1221 646 1272 aliquid
675 1223 778 1261 certi
807 1225 988 1261 statuere
1017 1223 1206 1273 aggressi
1235 1226 1339 1269 sunt,
1370 1223 1455 1262 ulla
1487 1210 1539 1261 in¹

347 1351 435 1402 Ego
464 1354 601 1390 autem
630 1352 689 1390 sic
718 1351 906 1390 existimo
928 1364 936 1389 :
969 1364 1093 1402 quum
1115 1338 1222 1402 apud
1241 1352 1330 1390 Pol.
1354 1363 1423 1390 res
1450 1351 1555 1390 dis--
