1815 2973
349 189 393 223 68
626 198 671 223 nr.
693 197 865 224 murinus
886 198 957 223 'ru-1
980 181 1054 224 nm
1073 189 1128 230 21,
1148 189 1225 225 1-20

308 269 515 319 repeteret
529 264 635 318 quod
655 267 696 306 in
715 277 801 320 cap.
826 270 943 307 sexto
960 266 1358 320 scripserat;·itaque
1377 267 1542 321 scripsit

307 333 350 371 in
378 343 472 385 cap.
488 331 540 375 18
563 345 584 368 α
605 331 814 384 legatos...
838 331 1005 373 mittunt
1024 331 1076 372 ad
1095 331 1422 386 percunctandos
1442 333 1543 383 Car-

308 414 326 431 <
359 397 656 450 magimenses,
692 396 908 449 publicone
942 397 1114 437 consilio
1141 397 1351 438 Hannibal
1375 396 1542 450 Sagun·-

307 475 328 496 «
358 464 445 501 tum
475 466 765 515 expugnasset,
797 466 851 510 et,
888 463 935 510 si,
966 462 1007 502 id
1034 462 1140 515 quod
1169 462 1323 503 facturi
1350 462 1542 504 videban-

309 542 329 562 «
357 529 428 565 tur
442 556 452 572 ,
487 526 720 568 faterentur
765 539 812 567 ac
846 527 1118 568 defenderent
1158 527 1319 580 publico
1368 529 1539 569 consilio

305 606 326 626 ‹<
356 590 525 638 factum,
554 595 601 632 ut
631 592 870 633 indicerent
894 594 1052 645 populo
1084 592 1432 647 Carthayiniensi
1458 594 1541 635 bel·

309 673 328 691 «
358 657 468 703 lum‚·
481 672 502 693 »
519 669 642 707 quum
659 657 921 697 scribendum
939 662 1048 697 esset
1061 658 1138 698 hoc
1153 658 1244 698 fere
1258 658 1390 707 modo;
1403 661 1454 698 ut
1468 659 1541 698 de-

307 737 327 757 «
350 725 576 772 poscerent
594 723 744 763 ducem
762 723 905 774 ipsum
924 723 970 763 in
982 735 1169 774 poenam
1188 723 1382 775 foederis
1401 724 1538 774 rupti,

305 801 326 821 «
355 788 476 836 isque
500 787 593 826 nisi
620 787 859 834 dederetur,
889 790 939 827 ut
967 788 1208 828 indicerent
1228 788 1394 840 populo
1426 787 1538 828 Car-

307 866 323 886 «
357 851 618 903 thayiniensi
646 852 814 893 bellum.
843 868 864 891 »

356 917 486 956 Tenes
501 917 544 956 1⁰
557 918 598 956 in
609 919 744 957 causis
755 918 1004 970 legationum
1020 919 1309 959 mittendarum
1319 918 1537 970 Polybium

303 985 344 1022 et
361 981 520 1022 Livium
553 984 734 1035 apprime
764 985 874 1023 inter
894 997 937 1024 se
973 985 1218 1033 concinere;
1252 983 1296 1025 2⁰
1323 997 1447 1037 quum
1467 985 1538 1024 Li-

301 1047 393 1085 vius
414 1047 464 1086 de
490 1048 761 1098 legationibus
790 1048 853 1087 bis
883 1039 978 1100 a'gat
1005 1049 1112 1096 21‚6.
1145 1048 1299 1096 21‚18.‚
1332 1049 1374 1087 in
1394 1049 1534 1101 priore

300 1112 390 1151 loco
411 1110 571 1164 Polybii
591 1114 765 1165 vestigia
780 1117 937 1165 extare,
955 1114 1026 1153 sed
1055 1115 1098 1153 in
1118 1114 1248 1153 altero
1269 1125 1353 1153 non
1374 1117 1532 1160 extare;

300 1177 345 1216 3⁰
373 1177 443 1228 qui
471 1177 625 1217 factum
655 1179 706 1217 sit
725 1182 770 1218 ut
796 1179 860 1218 bis
892 1179 942 1218 de
974 1179 1123 1230 legatis
1158 1182 1302 1230 ageret
1329 1178 1466 1217 Livius
1496 1181 1537 1216 et

300 1241 502 1281 nonnulla
531 1254 615 1281 non
645 1243 700 1282 ita
729 1247 841 1283 recte
868 1242 1098 1282 tradiderit.

352 1306 411 1346 De
440 1310 620 1359 tempore
649 1319 760 1346 nunc
790 1311 1022 1359 superesset
1049 1307 1278 1354 dicendum,
1307 1319 1387 1358 quo
1414 1307 1552 1346 missi.

297 1373 391 1410 sunt
433 1370 571 1422 legati3
606 1371 678 1411 sed
711 1383 834 1423 quum
867 1372 998 1411 omnis
1025 1372 1219 1424 temporis
1247 1371 1419 1418 notatio,
1451 1381 1533 1410 una

298 1439 470 1487 excepta
500 1449 620 1489 quam
642 1436 691 1477 de
707 1450 780 1477 suo
798 1437 960 1478 Livium
980 1436 1182 1477 addidisse
1209 1435 1326 1477 modo
1346 1436 1474 1483 docui,
1492 1437 1534 1475 in

296 1502 375 1540 hoc
403 1514 557 1553 genere
578 1502 680 1554 apud
702 1503 948 1541 Patavinum
978 1501 1235 1541 desideretur
1256 1499 1389 1554 (cuius
1409 1502 1451 1540 in
1469 1501 1533 1540 rei

295 1578 441 1606 causas
468 1579 563 1605 mox
594 1565 876 1619 inquiremus),
906 1571 1037 1606 restat
1067 1570 1124 1613 ut,
1148 1567 1272 1605 missa
1294 1567 1533 1617 quaestione

295 1633 373 1671 ista
394 1643 446 1670 ex
461 1643 543 1683 qua
570 1632 673 1670 nihil
703 1631 917 1671 admodum
937 1630 1185 1678 efficeretur,
1207 1634 1434 1670 statuamus
1462 1642 1534 1670 ve-

294 1696 417 1748 stigia
432 1696 592 1748 Polybii
612 1709 852 1749 comparere
867 1697 974 1749 apud
989 1697 1081 1737 Liv.
1097 1696 1203 1744 21,6,
1224 1695 1344 1748 idque
1364 1696 1531 1748 probari

293 1762 565 1800 consensione
581 1773 661 1812 qua
680 1762 788 1801 inter
806 1774 850 1801 se
869 1761 959 1801 Pol.
983 1764 1024 1800 et
1051 1762 1140 1800 Liv.
1159 1761 1201 1800 in
1219 1772 1391 1800 numero
1410 1763 1530 1811 atque

294 1826 337 1864 in
359 1826 495 1865 causis
529 1825 779 1878 legationum
800 1826 1002 1866 contineri
1021 1826 1220 1865 hactenus
1238 1825 1533 1865 demonstravi·

294 1902 397 1937 mus,
423 1903 547 1941 quum
575 1892 769 1943 temporis
798 1891 916 1938 ratio,
947 1903 1051 1943 quae
1080 1890 1194 1930 nulla
1232 1889 1338 1943 apud
1367 1889 1529 1939 Livium

293 1959 370 2002 est,
402 1967 484 1995 non
512 1956 727 2008 prohibeat
754 1956 969 2008 quominus
997 1956 1107 1995 hanc
1137 1968 1162 1995 a
1189 1955 1307 1995 nobis
1337 1957 1531 1994 statutam

291 2021 549 2068 sententiam,
565 2032 686 2072 quam
700 2021 786 2073 ipsa
802 2033 935 2072 neque
957 2020 1168 2061 confirmat
1185 2032 1318 2072 neque
1333 2018 1526 2066 infirmat,

290 2087 493 2126 rationem
522 2085 675 2126 habere
704 2086 967 2130 arbitremur.

342 2151 529 2203 Vestigia
559 2151 685 2202 igitur
713 2151 817 2197 Pol„
847 2153 988 2190 extant
1015 2150 1123 2202 apud
1151 2150 1244 2190 Liv.
1275 2149 1385 2196 21,6.
1414 2148 1529 2189 Haec

290 2219 426 2256 autem
447 2220 510 2256 est
526 2228 648 2256 causa
664 2216 798 2256 curin
814 2215 1043 2255 referendis
1063 2214 1245 2255 consiliis
1263 2214 1312 2254 de
1331 2214 1439 2254 bello
1459 2218 1530 2254 aut

289 2279 428 2331 aliqua
449 2281 692 2332 interposita
706 2283 777 2319 aut
791 2279 904 2321 nulla
924 2281 1163 2332 interposita
1178 2291 1295 2319 mora
1314 2278 1529 2331 Carthagi-

288 2345 503 2385 niensibus
524 2345 753 2392 indicendo,
782 2345 871 2385 Liv.
893 2345 1062 2385 brevior
1091 2344 1275 2384 extiterit
1303 2356 1426 2394 quam
1452 2343 1526 2382 Dio

288 2410 455 2450 Cassius
469 2408 635 2464 (fragm.
652 2410 745 2458 55,9
763 2410 825 2450 ed.
838 2409 956 2451 Dind.
972 2410 1008 2458 1,
1021 2423 1059 2463 p.
1071 2408 1140 2462 88)
1157 2413 1196 2450 et
1212 2408 1310 2449 Zon.
1330 2407 1460 2461 (VIII,
1472 2406 1526 2448 2⁶2
