1815 2973
7 560 21 578 “i¹
35 570 53 583 a,

6 762 14 780 J
30 778 55 798 ,κζ

5 906 17 916 ι.
30 913 39 919 f

18 993 35 1003 Π,

3 1011 40 1045 ”·-’,

5 1072 37 1099 ὲ·

0 1172 23 1220 {i

0 1343 13 1361 ν,

0 1419 16 1446 'f-
30 1426 34 1430 .

1 1455 9 1488 L

0 1512 7 1522 k

562 165 564 168 >
600 132 938 209 Volesos-transeut
959 155 1204 205 131v1‹21,1-2o
1279 179 1290 183 -
1443 156 1488 189 75

201 228 218 253 Ψ
233 240 247 257 ²
263 264 272 268 -
294 218 387 276 sive
413 223 502 268 eius
521 232 807 275 tantummodo
836 237 1025 273 auctores
1053 233 1106 273 iis
1124 227 1231 272 sunl:v
1246 231 1341 285 usi),
1373 231 1446 272 sed
1464 244 1532 272 res

295 292 563 344 ali-Bainun„
593 294 802 337 Hasdrub.
834 301 875 338 et
901 297 1081 339 Hannih.
1095 298 1144 339 in
1171 297 1373 352 Hispania
1396 300 1534 351 gestas

296 362 417 409 atque
445 360 551 412 apud
593 362 682 401 Liv,
726 362 818 409 21,1
847 363 901 402 20
923 367 1136 412 narratas,
1167 374 1221 403 ex
1258 365 1308 403 iis
1338 376 1422 403 non
1450 375 1538 403 ma-

295 422 433 465 nasse,
462 426 596 473 Quam
623 437 755 465 meam
783 426 1012 479 opinionem
1038 429 1252 481 complura
1277 428 1533 469 confirmant.

349 489 637 530 Consideranti
657 491 766 531 enim
786 492 886 531 mihi
905 494 1107 533 rationem
1127 495 1261 546 operis
1282 495 1466 542 Liviani,
1487 495 1531 534 in

295 567 373 608 quo
401 556 606 605 nimirum,
635 568 746 596 nexu
773 558 882 597 inter
914 570 962 606 ,se
990 559 1137 599 rerum'
1161 563 1200 599 et
1228 561 1347 612 quasi
1379 572 1530 613 cogna-

295 622 406 660 tione
434 622 667 672 posthabita
688 624 961 674 temporisque
981 624 1125 663 ordine
1145 626 1424 665 tantummodo
1444 636 1532 665 ser-‘-

295 689 500 736 vato‚-res
530 700 605 740 pei·
634 687 816 742 singulos
846 701 976 730 annos
1006 694 1102 731 sunt
1141 689 1338 744 digestae,
1371 704 1530 745 semper

295 754 427 792 visum
473 758 534 792 est
575 758 684 805 opus*
719 755 827 794 istud
855 756 1074 807 imaginem
1108 756 1327 807 quandam,
1358 757 1530 796 mirifice

295 819 452 860 scilieet
465 820 718 873 perpolitam,
742 820 812 861 sed
826 824 964 862 tamen
983 822 1202 875 imaginem
1219 822 1398 863 Tabulae
1413 835 1532 877 prae-

294 885 406 932 bere,
429 887 584 927 Romae
611 899 740 938 usque
769 888 821 926 ad
849 888 1026 927 Mucium
1054 888 1287 928 Pontificem
1307 889 1529 928 Maximum

293 951 455 1002 publice
477 952 747 1004 conscriptae:
769 952 864 991 item
884 953 1123 1005 praebuisse
1143 954 1220 993 visi
1237 957 1335 994 sunt
1350 954 1531 993 omnium

294 1019 389 1055 ante
409 1017 572 1055 Livium
601 1017 891 1056 historicorum
912 1018 1106 1064 Annales,
1129 1018 1180 1057 ad
1210 1031 1384 1069 quorum
1405 1019 1534 1057 imita-

295 1082 446 1121 tionem
477 1082 627 1121 Noster
655 1083 697 1120 in
727 1073 858 1121 rebus·
878 1084 920 1121 in
941 1072 1080 1123 annos?
1094 1083 1384 1122 distribuendis
1404 1095 1448 1122 se
1467 1095 1534 1122 ac-

296 1145 536 1186 comodavit.
561 1147 700 1198 Itaque
719 1147 820 1197 rude
842 1147 1051 1199 exemplar
1079 1147 1183 1186 illud
1214 1148 1531 1188 vetustissimum

296 1223 385 1249 cum
416 1211 656 1250 referebant
684 1211 868 1251 Annales
897 1225 1007 1251 nunc
1036 1212 1236 1263 deperditi
1273 1213 1526 1264 reliquorum

294 1265 599 1325 historicorum,
644 1280 730 1316 tum
774 1277 966 1318 referunt
1007 1278 1103 1317 libri
1143 1279 1194 1318 ab
1231 1278 1338 1318 Urbe
1368 1277 1530 1319 condita

294 1341 373 1380 Titi
403 1343 524 1381 Livi:
558 1342 678 1396 idque
707 1355 790 1382 non
818 1343 935 1382 modo
965 1344 1008 1382 in
1037 1345 1198 1383 ratione
1227 1355 1367 1383 rerum
1396 1343 1529 1396 dispo-

293 1407 537 1456 nendarum,
570 1408 640 1448 sed
668 1410 788 1448 etiam
809 1421 957 1461 magna
988 1421 1039 1448 ex
1067 1409 1248 1461 partein
1277 1410 1399 1450 rebus
1419 1410 1530 1462 ipsis.

295 1474 408 1520 Quae
437 1486 559 1526 quum
588 1475 644 1513 ita
673 1474 770 1521 sint,
817 1475 851 1514 si
894 1487 999 1527 quae
1039 1474 1144 1526 apud
1174 1475 1331 1514 Livium
1362 1475 1531 1515 omnino

292 1539 448 1586 desunt,
465 1540 671 1579 defuerint
687 1552 851 1579 necesse
872 1545 930 1579 est
945 1544 985 1579 et
1000 1540 1106 1590 apud
1122 1530 1299 1591 reliquos
1315 1542 1531 1580 annalium

295 1605 530 1656 scriptores,
576 1609 615 1644 et
645 1605 686 1644 in
718 1604 948 1645 Annalibus
990 1605 1192 1646 Maximis.
1231 1605 1339 1659 (Non
1375 1611 1530 1654 contra,

294 1683 397 1722 quae
413 1671 518 1723 apud
529 1671 748 1710 Annalium
765 1673 985 1724 scriptores
1001 1672 1170 1720 fuerint,
1184 1685 1232 1712 ea
1247 1674 1384 1712 omnia
1400 1673 1530 1713 fuisse

293 1737 336 1775 in
364 1736 591 1776 Annalibus
621 1737 823 1783 Maximis,
855 1750 978 1788 quum
999 1738 1127 1778 multa
1157 1738 1320 1778 aliunde
1348 1742 1531 1790 praeter-

295 1813 414 1853 quam
444 1801 549 1854 quod
570 1813 622 1841 ex
643 1801 871 1841 Annalibus
893 1802 1004 1841 Max.
1028 1803 1248 1854 scriptores
1269 1803 1527 1857 sumserint):

289 1871 492 1917 versaque
521 1867 610 1906 vice
639 1879 743 1917 quae
788 1866 967 1906 defuisse
1004 1867 1198 1907 videntur
1227 1869 1270 1907 in
1299 1868 1529 1909 Annalibus

293 1932 487 1972 Maximis
517 1945 564 1973 ea
595 1932 831 1973 necessario
853 1931 1035 1972 defuisse
1061 1936 1100 1972 et
1119 1933 1226 1985 apud
1245 1934 1425 1986 reliquos
1447 1935 1530 1974 An-

292 1997 447 2037 nalium
489 1999 718 2050 scriptores,
757 2002 797 2038 et
839 1998 983 2038 deesse
1024 1999 1130 2051 apud
1172 1999 1334 2039 Livium
1361 2000 1524 2041 debere.

293 2064 463 2103 Aiebam
483 2069 620 2104 autem
640 2077 707 2104 res
724 2064 911 2111 Hamilc„
929 2064 1135 2104 Hasdrub.
1149 2069 1269 2117 atque
1288 2066 1471 2105 Hannih.
1485 2067 1528 2105 in

291 2129 487 2182 Hispania
517 2135 652 2183 gestas
681 2131 724 2170 in
755 2130 911 2171 Tabula
944 2132 1064 2172 Pont.
1096 2131 1212 2172 Max.
1249 2135 1409 2171 notatas
1447 2143 1529 2171 non

291 2195 449 2243 fuisse3
497 2209 571 2236 cur
608 2198 734 2248 igitur
770 2209 842 2236 eae
874 2201 1097 2237 narrantur
1137 2209 1161 2236 a
1196 2198 1310 2237 Livio
1338 2197 1528 2245 21,1-203

292 2260 404 2301 Haec
431 2262 562 2314 prima
592 2264 725 2314 specie
744 2263 1032 2315 repugnantia,
1055 2274 1135 2302 non
1163 2261 1280 2302 modo
1300 2274 1384 2302 non
1409 2275 1532 2315 repu-

292 2331 420 2379 gnant
433 2328 542 2367 inter
562 2340 618 2375 se,
639 2328 709 2368 sed
729 2330 862 2380 potius
883 2330 1019 2369 omnia
1038 2325 1336 2380 reliquaplana
1352 2329 1527 2368 faciunt.

292 2393 376 2434 Res
405 2394 512 2434 enim
542 2394 636 2434 illas
666 2395 699 2434 si
720 2406 771 2434 ex
801 2394 952 2436 Annal.
972 2394 1084 2434 Max,
1111 2398 1295 2454 sumptas.
1315 2397 1530 2437 narrasset
