1815 2973
745 223 791 248 An
813 220 998 249 cunum
1021 211 1078 255 95,
1090 213 1126 247 7·
1465 211 1509 246 39

306 289 487 329 omnium
516 289 711 330 disseruit
739 289 789 330 de
819 290 971 343 epyllio
993 289 1045 330 C.
1067 289 1206 330 Helvii
1234 288 1391 329 Cinnae
1408 286 1547 341 (cuius

305 366 417 395 nunc
444 367 650 409 per-pauca
679 359 902 409 supersunt
933 352 1188 408 fragmenta&
1216 354 1456 408 primusque
1479 352 1554 393 in-

241 445 246 448 ·
306 421 469 461 tellexit
496 422 593 475 quid
631 422 709 461 sibi
747 421 926 462 voluerit
959 421 1112 461 Catulli
1140 433 1301 468 versus,
1333 420 1549 472 qui-nune

307 490 369 526 est
395 491 566 539 quartus
599 487 793 527 carminis
824 485 972 542 (nunc;
1002 498 1098 528 nam
1126 489 1220 540 pest
1263 485 1430 526 terti-um
1457 495 1552 526 ver·-

266 561 269 564 ⁴
307 566 398 593 sum
431 553 584 605 aliquid
603 553 771 606 excidit)
793 566 801 592 :

370 695 390 716 ‹
411 682 570 728 Smyrna
587 692 699 718 cavas
717 681 889 718 Satrachi
904 667 1050 729 penitus
1069 681 1238 719 mittetur
1254 681 1303 718 ad
1324 681 1447 720 undas,
1464 693 1488 716 υ

308 808 359 848 ad
376 809 595 850 Volusium
625 820 744 861 quem
777 808 964 848 Catullus
998 808 1205 861 vituperat
1237 808 1345 861 quod
1378 809 1543 858 attinet,

308 874 478 914 nimium
506 873 669 913 videtur
699 873 799 913 mihi
819 874 1068 914 coniecturis
1089 873 1315 915 indulsisse
1331 873 1550 915 statuendo

308 939 382 978 sub
412 940 578 979 nomine
616 939 763 979 Volusi
790 939 997 983 Catullum
1023 940 1309 992 perstringere
1329 939 1550 981 Tanusium

308 1006 524 1046 Geminum
555 1005 821 1045 historiarum
850 1009 1076 1046 auctorem.

414 1071 465 1110 Π.
493 1071 577 1109 Res
608 1071 732 1122 igitur
761 1071 819 1110 ita
859 1083 903 1110 se
940 1071 1079 1110 habet.
1119 1071 1209 1110 Non
1243 1070 1361 1111 modo
1388 1072 1432 1110 in
1460 1082 1553 1111 car-

305 1137 415 1175 mine
443 1135 497 1175 95
525 1135 609 1188 (ubi
639 1135 827 1175 Catullus
856 1135 916 1174 ait
959 1135 1116 1177 Cinnae
1147 1135 1309 1188 quidem
1344 1136 1545 1189 epyllium

307 1201 496 1251 Zmyr-na
525 1201 616 1240 fore
646 1205 691 1239 ut
719 1202 964 1251 ubicumque
994 1205 1202 1240 terrarum
1233 1202 1477 1248 innotescat,
1509 1206 1552 1241 at

304 1266 475 1306 annales
506 1265 650 1305 Volusi
679 1266 899 1305 morituros
920 1278 1008 1305 esse
1028 1265 1082 1305 ad
1101 1266 1230 1317 ipsam
1249 1265 1433 1306 Paduam
1447 1298 1456 1314 ‚
1480 1267 1552 1306 ubi

305 1332 499 1370 nimirum
527 1331 592 1370 vel
621 1332 708 1370 nati
736 1330 802 1369 vel
831 1331 905 1369 alti
933 1330 1108 1383 fuerint)
1159 1330 1231 1369 sed
1263 1331 1391 1370 multo
1420 1331 1552 1383 magis

306 1397 349 1436 in
379 1396 562 1436 carmine
591 1396 643 1436 36
672 1399 788 1449 poeta
819 1396 1029 1435 invehitur
1058 1397 1101 1434 in
1137 1396 1355 1437 Volusium
1384 1397 1554 1449 eiusque

307 1474 356 1500 an
366 1462 527 1507 nnales,
550 1474 650 1511 quos
672 1463 714 1499 in
733 1462 921 1500 versibus
944 1461 1077 1512 primo
1098 1465 1138 1499 et
1157 1465 1360 1511 postremo
1380 1462 1554 1513 appellat

306 1515 497 1567 caculam
527 1526 735 1576 chartam,
769 1527 810 1566 in
841 1529 957 1567 sexto
993 1529 1033 1566 et
1074 1527 1248 1579 septimo
1292 1527 1554 1568 elec-tissima

305 1594 470 1644 scripta
491 1593 680 1644 pessimi
699 1596 868 1644 poetae.
915 1593 1065 1640 Quare,
1099 1594 1223 1632 sicuti
1253 1594 1348 1632 olim
1378 1593 1552 1641 Ennius,

307 1660 359 1700 L.
390 1658 550 1706 Accius,
580 1657 630 1698 A.
653 1659 801 1699 Furius
820 1659 971 1711 aliique
992 1658 1102 1710 apud
1121 1659 1329 1699 Romanos
1348 1659 1551 1705 fecerunt,

305 1725 363 1763 ita
400 1724 601 1763 Volusius
629 1735 788 1775 quoque
817 1723 986 1762 videtur
1005 1725 1190 1763 Annales
1210 1735 1294 1763 non
1320 1735 1444 1776 prosa
1465 1735 1554 1763 ora-

306 1790 417 1830 tione
447 1788 516 1829 sed
544 1789 733 1829 versibus
762 1788 1015 1829 condidisse.
1049 1789 1164 1833 Quod
1205 1790 1389 1841 sequitur
1426 1802 1552 1840 quum

307 1866 360 1893 ex
389 1854 623 1893 testimonio
653 1853 804 1892 Catulli
836 1853 886 1906 (is
919 1857 1039 1893 vocat
1068 1866 1138 1893 eos
1167 1856 1333 1905 scripta
1365 1853 1550 1907 poetae),

304 1923 391 1959 tum
420 1919 542 1959 etiam
572 1932 625 1959 ex
655 1932 703 1959 eo
731 1918 841 1970 quod
869 1919 912 1957 in
955 1920 1143 1958 carmine
1179 1919 1233 1958 95
1262 1919 1452 1960 Catullus
1478 1932 1551 1958 eos

305 1988 514 2037 comparat
552 1996 643 2024 cum
682 1984 835 2036 epyllio
874 1982 1033 2023 Cinnae
1084 1996 1262 2036 cumque
1299 1984 1553 2025 carminibus

303 2049 528 2097 Hortensii;
561 2050 745 2089 carmina
772 2049 882 2088 enim
912 2061 1002 2088 cum
1033 2049 1284 2088 carminibus
1314 2050 1549 2102 comparari

255 2161 258 2164 ¹
302 2115 464 2155 volunt.

412 2182 484 2221 III.
516 2182 740 2227 Quaeritur
779 2194 890 2222 nunc
935 2185 1025 2234 quis
1068 2181 1199 2221 fuerit
1232 2181 1428 2223 Volusius
1460 2182 1549 2229 iste,

305 2245 489 2298 aequalis
519 2246 683 2294 Catulli,
728 2246 923 2286 carminis
962 2244 1066 2300 epici
1107 2250 1269 2294 auctor,
1301 2259 1420 2299 quem
1459 2259 1556 2287 nus-

306 2323 428 2362 quam
470 2316 687 2363 praeterea
730 2315 999 2351 memoratum
1042 2312 1299 2358 invenimus,
1338 2312 1488 2364 quique
1515 2313 1554 2352 ei

298 2376 379 2415 ·uni
407 2376 477 2428 qui
505 2380 588 2416 tam
618 2377 723 2417 male
753 2389 844 2417 eum
867 2377 1060 2417 mulcavit
1090 2376 1302 2417 infelicem
1335 2377 1556 2417 celebrita-

308 2444 389 2482 tem
420 2441 572 2482 debere
599 2442 776 2484 videtur.
811 2444 930 2483 Nunc
958 2455 1059 2484 vero
1089 2442 1247 2484 Seneca
1276 2444 1402 2496 epist.
1443 2443 1510 2492 93,
1528 2444 1555 2485 9
