<?xml version="1.0" encoding="UTF-8"?>
<!DOCTYPE html PUBLIC "-//W3C//DTD XHTML 1.0 Transitional//EN"
    "http://www.w3.org/TR/xhtml1/DTD/xhtml1-transitional.dtd">
<html xmlns="http://www.w3.org/1999/xhtml" xml:lang="en" lang="en">
 <head>
  <title>
</title>
<meta http-equiv="Content-Type" content="text/html;charset=utf-8" />
  <meta name='ocr-system' content='tesseract 3.04.00' />
  <meta name='ocr-capabilities' content='ocr_page ocr_carea ocr_par ocr_line ocrx_word'/>
</head>
<body>
  <div class='ocr_page' id='page_1' title='image "4737923_0092.png"; bbox 0 0 1815 2973; ppageno 0'>
   <div class='ocr_carea' id='block_1_1' title="bbox 339 183 1244 246">
    <p class='ocr_par' dir='ltr' id='par_1_1' title="bbox 339 182 1430 246">
     <span class='ocr_line' id='line_1_1' title="bbox 339 183 1244 246; baseline -0.002 -5"><span class='ocrx_word' id='word_1_1' title='bbox 339 207 385 241; x_wconf 79' lang='lat'>82</span> <span class='ocrx_word' id='word_1_2' title='bbox 618 216 664 240; x_wconf 76' lang='lat' dir='ltr'>nr.</span> <span class='ocrx_word' id='word_1_3' title='bbox 686 215 858 242; x_wconf 71' lang='lat' dir='ltr'>remmus</span> <span class='ocrx_word' id='word_1_4' title='bbox 878 214 950 241; x_wconf 77' lang='grc' dir='ltr'><strong>τιτι</strong></span> <span class='ocrx_word' id='word_1_5' title='bbox 965 204 1043 242; x_wconf 44' lang='lat' dir='ltr'>*uvi</span> <span class='ocrx_word' id='word_1_6' title='bbox 1065 186 1117 246; x_wconf 66' lang='lat'>21,</span> <span class='ocrx_word' id='word_1_7' title='bbox 1134 183 1244 241; x_wconf 53' lang='lat'>1-26&#39;5-</span> 
     </span>
    </p>
   </div>
   <div class='ocr_carea' id='block_1_2' title="bbox 281 275 1543 1180">
    <p class='ocr_par' dir='ltr' id='par_1_2' title="bbox 281 275 1543 1180">
     <span class='ocr_line' id='line_1_2' title="bbox 281 275 1535 339; baseline 0.001 -13"><span class='ocrx_word' id='word_1_8' title='bbox 281 284 545 334; x_wconf 73' lang='lat' dir='ltr'>admonitus,</span> <span class='ocrx_word' id='word_1_9' title='bbox 592 281 642 338; x_wconf 86' lang='lat' dir='ltr'>(is</span> <span class='ocrx_word' id='word_1_10' title='bbox 685 283 849 337; x_wconf 85' lang='lat' dir='ltr'>Polybii</span> <span class='ocrx_word' id='word_1_11' title='bbox 888 281 1137 326; x_wconf 79' lang='lat' dir='ltr'>mentionem</span> <span class='ocrx_word' id='word_1_12' title='bbox 1165 282 1341 326; x_wconf 80' lang='lat' dir='ltr'><strong>forsitan</strong></span> <span class='ocrx_word' id='word_1_13' title='bbox 1376 275 1535 339; x_wconf 66' lang='lat' dir='ltr'>inieci)</span> 
     </span>
     <span class='ocr_line' id='line_1_3' title="bbox 296 349 1540 405; baseline 0.001 -13"><span class='ocrx_word' id='word_1_14' title='bbox 296 351 430 405; x_wconf 86' lang='lat' dir='ltr'>ipsum</span> <span class='ocrx_word' id='word_1_15' title='bbox 458 349 680 403; x_wconf 86' lang='lat' dir='ltr'><strong>Polybium</strong></span> <span class='ocrx_word' id='word_1_16' title='bbox 708 349 827 398; x_wconf 62' lang='lat'>2131</span> <span class='ocrx_word' id='word_1_17' title='bbox 860 350 978 402; x_wconf 87' lang='lat' dir='ltr'>sequi</span> <span class='ocrx_word' id='word_1_18' title='bbox 1006 350 1153 403; x_wconf 86' lang='lat' dir='ltr'>coepit,</span> <span class='ocrx_word' id='word_1_19' title='bbox 1184 361 1210 390; x_wconf 86' lang='lat' dir='ltr'>a</span> <span class='ocrx_word' id='word_1_20' title='bbox 1237 361 1318 404; x_wconf 85' lang='lat' dir='ltr'>quo</span> <span class='ocrx_word' id='word_1_21' title='bbox 1347 349 1441 392; x_wconf 88' lang='lat' dir='ltr'>inde</span> <span class='ocrx_word' id='word_1_22' title='bbox 1469 352 1540 393; x_wconf 75' lang='lat' dir='ltr'>ea-</span> 
     </span>
     <span class='ocr_line' id='line_1_4' title="bbox 296 414 1536 472; baseline 0 -15"><span class='ocrx_word' id='word_1_23' title='bbox 296 417 382 470; x_wconf 82' lang='lat' dir='ltr'>pite</span> <span class='ocrx_word' id='word_1_24' title='bbox 396 428 521 470; x_wconf 87' lang='lat' dir='ltr'>quum</span> <span class='ocrx_word' id='word_1_25' title='bbox 535 416 712 469; x_wconf 84' lang='lat' dir='ltr'>vestigia</span> <span class='ocrx_word' id='word_1_26' title='bbox 732 415 897 467; x_wconf 85' lang='lat' dir='ltr'>Polybii</span> <span class='ocrx_word' id='word_1_27' title='bbox 912 414 1019 468; x_wconf 86' lang='lat' dir='ltr'>apud</span> <span class='ocrx_word' id='word_1_28' title='bbox 1033 415 1192 470; x_wconf 58' lang='lat' dir='ltr'>lgivium</span> <span class='ocrx_word' id='word_1_29' title='bbox 1211 419 1406 469; x_wconf 81' lang='lat' dir='ltr'>perpetua</span> <span class='ocrx_word' id='word_1_30' title='bbox 1421 416 1536 472; x_wconf 62' lang='lat' dir='ltr'>finnt,</span> 
     </span>
     <span class='ocr_line' id='line_1_5' title="bbox 297 473 1540 534; baseline 0 -12"><span class='ocrx_word' id='word_1_31' title='bbox 297 486 385 522; x_wconf 90' lang='lat' dir='ltr'>tum</span> <span class='ocrx_word' id='word_1_32' title='bbox 413 481 457 522; x_wconf 91' lang='lat' dir='ltr'>in</span> <span class='ocrx_word' id='word_1_33' title='bbox 486 484 660 534; x_wconf 87' lang='lat' dir='ltr'>utroque</span> <span class='ocrx_word' id='word_1_34' title='bbox 688 480 889 522; x_wconf 85' lang='lat' dir='ltr'>historico</span> <span class='ocrx_word' id='word_1_35' title='bbox 921 493 987 521; x_wconf 84' lang='lat' dir='ltr'>res</span> <span class='ocrx_word' id='word_1_36' title='bbox 1016 493 1099 522; x_wconf 91' lang='lat' dir='ltr'>non</span> <span class='ocrx_word' id='word_1_37' title='bbox 1123 473 1248 523; x_wconf 70' lang='lat' dir='ltr'>⁷modo</span> <span class='ocrx_word' id='word_1_38' title='bbox 1269 480 1435 523; x_wconf 86' lang='lat' dir='ltr'>eaedem</span> <span class='ocrx_word' id='word_1_39' title='bbox 1456 486 1540 523; x_wconf 80' lang='lat' dir='ltr'>tra-</span> 
     </span>
     <span class='ocr_line' id='line_1_6' title="bbox 299 545 1541 600; baseline -0.001 -13"><span class='ocrx_word' id='word_1_40' title='bbox 299 547 481 595; x_wconf 80' lang='lat' dir='ltr'>duntur,</span> <span class='ocrx_word' id='word_1_41' title='bbox 514 547 614 599; x_wconf 88' lang='lat' dir='ltr'>sed,</span> <span class='ocrx_word' id='word_1_42' title='bbox 650 545 759 600; x_wconf 85' lang='lat' dir='ltr'>quod</span> <span class='ocrx_word' id='word_1_43' title='bbox 797 547 929 586; x_wconf 89' lang='lat' dir='ltr'>maius</span> <span class='ocrx_word' id='word_1_44' title='bbox 973 550 1047 594; x_wconf 80' lang='lat' dir='ltr'>est,</span> <span class='ocrx_word' id='word_1_45' title='bbox 1092 547 1198 587; x_wconf 89' lang='lat' dir='ltr'>idem</span> <span class='ocrx_word' id='word_1_46' title='bbox 1227 559 1368 587; x_wconf 90' lang='lat' dir='ltr'>rerum</span> <span class='ocrx_word' id='word_1_47' title='bbox 1398 559 1541 587; x_wconf 89' lang='lat' dir='ltr'>narra·</span> 
     </span>
     <span class='ocr_line' id='line_1_7' title="bbox 298 611 1541 666; baseline -0.002 -12"><span class='ocrx_word' id='word_1_48' title='bbox 298 617 435 654; x_wconf 84' lang='lat' dir='ltr'>tarum</span> <span class='ocrx_word' id='word_1_49' title='bbox 463 611 563 654; x_wconf 83' lang='lat' dir='ltr'>ordo</span> <span class='ocrx_word' id='word_1_50' title='bbox 593 614 774 665; x_wconf 82' lang='lat' dir='ltr'>apparet.</span> <span class='ocrx_word' id='word_1_51' title='bbox 805 611 961 652; x_wconf 86' lang='lat' dir='ltr'>Novam</span> <span class='ocrx_word' id='word_1_52' title='bbox 993 615 1130 652; x_wconf 86' lang='lat' dir='ltr'>autem</span> <span class='ocrx_word' id='word_1_53' title='bbox 1160 625 1213 653; x_wconf 86' lang='lat' dir='ltr'>ex</span> <span class='ocrx_word' id='word_1_54' title='bbox 1250 612 1415 666; x_wconf 83' lang='lat' dir='ltr'>Polybii</span> <span class='ocrx_word' id='word_1_55' title='bbox 1457 612 1541 653; x_wconf 82' lang='lat' dir='ltr'>lec-</span> 
     </span>
     <span class='ocr_line' id='line_1_8' title="bbox 301 678 1541 731; baseline -0.002 -11"><span class='ocrx_word' id='word_1_56' title='bbox 301 681 415 720; x_wconf 81' lang='lat' dir='ltr'><strong>tione</strong></span> <span class='ocrx_word' id='word_1_57' title='bbox 444 678 672 731; x_wconf 85' lang='lat' dir='ltr'>profectam</span> <span class='ocrx_word' id='word_1_58' title='bbox 702 681 826 730; x_wconf 86' lang='lat' dir='ltr'>atque</span> <span class='ocrx_word' id='word_1_59' title='bbox 856 690 880 718; x_wconf 88' lang='lat' dir='ltr'>a</span> <span class='ocrx_word' id='word_1_60' title='bbox 910 678 1027 718; x_wconf 82' lang='lat' dir='ltr'>Livio</span> <span class='ocrx_word' id='word_1_61' title='bbox 1048 679 1133 731; x_wconf 90' lang='lat' dir='ltr'>ipso</span> <span class='ocrx_word' id='word_1_62' title='bbox 1153 680 1336 718; x_wconf 89' lang='lat' dir='ltr'>in-suum</span> <span class='ocrx_word' id='word_1_63' title='bbox 1356 691 1457 731; x_wconf 89' lang='lat' dir='ltr'>opus</span> <span class='ocrx_word' id='word_1_64' title='bbox 1479 679 1541 719; x_wconf 91' lang='lat' dir='ltr'>in-</span> 
     </span>
     <span class='ocr_line' id='line_1_9' title="bbox 299 743 1542 797; baseline 0 -13"><span class='ocrx_word' id='word_1_65' title='bbox 299 748 461 787; x_wconf 80' lang='lat' dir='ltr'>vectam</span> <span class='ocrx_word' id='word_1_66' title='bbox 481 745 686 785; x_wconf 84' lang='lat' dir='ltr'>rationem</span> <span class='ocrx_word' id='word_1_67' title='bbox 706 744 749 783; x_wconf 94' lang='lat' dir='ltr'>in</span> <span class='ocrx_word' id='word_1_68' title='bbox 770 756 817 784; x_wconf 91' lang='lat' dir='ltr'>eo</span> <span class='ocrx_word' id='word_1_69' title='bbox 836 744 908 783; x_wconf 85' lang='lat' dir='ltr'>vel</span> <span class='ocrx_word' id='word_1_70' title='bbox 928 744 1106 784; x_wconf 78' lang='lat' dir='ltr'><strong>maxime</strong></span> <span class='ocrx_word' id='word_1_71' title='bbox 1122 743 1415 797; x_wconf 86' lang='lat' dir='ltr'>deprehendes,</span> <span class='ocrx_word' id='word_1_72' title='bbox 1434 743 1542 796; x_wconf 87' lang='lat' dir='ltr'>quod</span> 
     </span>
     <span class='ocr_line' id='line_1_10' title="bbox 299 809 1536 863; baseline -0.002 -11"><span class='ocrx_word' id='word_1_73' title='bbox 299 812 464 858; x_wconf 82' lang='lat' dir='ltr'>Noster,</span> <span class='ocrx_word' id='word_1_74' title='bbox 495 823 620 863; x_wconf 89' lang='lat' dir='ltr'>quum</span> <span class='ocrx_word' id='word_1_75' title='bbox 648 813 770 850; x_wconf 89' lang='lat' dir='ltr'>antea</span> <span class='ocrx_word' id='word_1_76' title='bbox 800 809 921 857; x_wconf 79' lang='lat'>21,6.</span> <span class='ocrx_word' id='word_1_77' title='bbox 950 822 1166 862; x_wconf 74' lang='lat' dir='ltr'>perperam</span> <span class='ocrx_word' id='word_1_78' title='bbox 1188 809 1462 863; x_wconf 81' lang='lat' dir='ltr'>significasset</span> <span class='ocrx_word' id='word_1_79' title='bbox 1494 822 1536 850; x_wconf 91' lang='lat' dir='ltr'>se</span> 
     </span>
     <span class='ocr_line' id='line_1_11' title="bbox 300 875 1543 917; baseline -0.002 0"><span class='ocrx_word' id='word_1_80' title='bbox 300 877 342 917; x_wconf 89' lang='lat' dir='ltr'>in</span> <span class='ocrx_word' id='word_1_81' title='bbox 371 877 496 917; x_wconf 78' lang='lat' dir='ltr'>rebus</span> <span class='ocrx_word' id='word_1_82' title='bbox 524 875 736 917; x_wconf 83' lang='lat' dir='ltr'>tradendis</span> <span class='ocrx_word' id='word_1_83' title='bbox 765 887 919 915; x_wconf 91' lang='lat' dir='ltr'>annum</span> <span class='ocrx_word' id='word_1_84' title='bbox 950 875 1030 914; x_wconf 90' lang='lat' dir='ltr'>iam</span> <span class='ocrx_word' id='word_1_85' title='bbox 1065 875 1282 915; x_wconf 88' lang='lat' dir='ltr'>DXXXVI</span> <span class='ocrx_word' id='word_1_86' title='bbox 1317 875 1446 916; x_wconf 82' lang='lat' dir='ltr'>fuisse</span> <span class='ocrx_word' id='word_1_87' title='bbox 1481 876 1543 915; x_wconf 92' lang='lat' dir='ltr'>in-</span> 
     </span>
     <span class='ocr_line' id='line_1_12' title="bbox 300 940 1540 996; baseline -0.002 -13"><span class='ocrx_word' id='word_1_88' title='bbox 300 954 503 996; x_wconf 84' lang='lat' dir='ltr'>gressum,</span> <span class='ocrx_word' id='word_1_89' title='bbox 540 954 668 991; x_wconf 85' lang='lat' dir='ltr'>nunc,</span> <span class='ocrx_word' id='word_1_90' title='bbox 703 942 891 995; x_wconf 85' lang='lat' dir='ltr'>neglecto</span> <span class='ocrx_word' id='word_1_91' title='bbox 926 940 1032 995; x_wconf 90' lang='lat' dir='ltr'>quod</span> <span class='ocrx_word' id='word_1_92' title='bbox 1067 941 1357 989; x_wconf 81' lang='lat' dir='ltr'>affirmaverat,</span> <span class='ocrx_word' id='word_1_93' title='bbox 1394 954 1540 981; x_wconf 83' lang='lat' dir='ltr'>rursus</span> 
     </span>
     <span class='ocr_line' id='line_1_13' title="bbox 301 1007 1541 1061; baseline -0.001 -13"><span class='ocrx_word' id='word_1_94' title='bbox 301 1009 585 1049; x_wconf 84' lang='lat' dir='ltr'>narrationem</span> <span class='ocrx_word' id='word_1_95' title='bbox 615 1009 658 1047; x_wconf 91' lang='lat' dir='ltr'>in</span> <span class='ocrx_word' id='word_1_96' title='bbox 686 1009 819 1060; x_wconf 88' lang='lat' dir='ltr'>capite</span> <span class='ocrx_word' id='word_1_97' title='bbox 846 1007 912 1055; x_wconf 81' lang='lat'>21,</span> <span class='ocrx_word' id='word_1_98' title='bbox 941 1008 1103 1060; x_wconf 89' lang='lat' dir='ltr'>Polybii</span> <span class='ocrx_word' id='word_1_99' title='bbox 1133 1008 1307 1060; x_wconf 86' lang='lat' dir='ltr'>vestigia</span> <span class='ocrx_word' id='word_1_100' title='bbox 1336 1019 1541 1061; x_wconf 87' lang='lat' dir='ltr'>premens,</span> 
     </span>
     <span class='ocr_line' id='line_1_14' title="bbox 302 1068 1539 1126; baseline -0.002 -12"><span class='ocrx_word' id='word_1_101' title='bbox 302 1074 354 1114; x_wconf 88' lang='lat' dir='ltr'>ab</span> <span class='ocrx_word' id='word_1_102' title='bbox 373 1068 561 1115; x_wconf 67' lang='lat' dir='ltr'>hibernis</span> <span class='ocrx_word' id='word_1_103' title='bbox 583 1086 688 1126; x_wconf 90' lang='lat' dir='ltr'>quae</span> <span class='ocrx_word' id='word_1_104' title='bbox 708 1073 915 1115; x_wconf 84' lang='lat' dir='ltr'>Hannibal</span> <span class='ocrx_word' id='word_1_105' title='bbox 935 1077 1144 1126; x_wconf 88' lang='lat' dir='ltr'>postrema</span> <span class='ocrx_word' id='word_1_106' title='bbox 1165 1073 1207 1113; x_wconf 90' lang='lat' dir='ltr'>in</span> <span class='ocrx_word' id='word_1_107' title='bbox 1229 1074 1429 1126; x_wconf 90' lang='lat' dir='ltr'>Hispania</span> <span class='ocrx_word' id='word_1_108' title='bbox 1445 1073 1539 1126; x_wconf 74' lang='lat' dir='ltr'>egit,</span> 
     </span>
     <span class='ocr_line' id='line_1_15' title="bbox 302 1138 1221 1180; baseline 0.007 -2"><span class='ocrx_word' id='word_1_109' title='bbox 302 1138 475 1180; x_wconf 83' lang='lat' dir='ltr'>orditur.</span> <span class='ocrx_word' id='word_1_110' title='bbox 1217 1146 1221 1151; x_wconf 82' lang='lat'><strong><em>‘</em></strong></span> 
     </span>
    </p>
   </div>
   <div class='ocr_carea' id='block_1_3' title="bbox 1536 0 1815 2973">
    <p class='ocr_par' dir='ltr' id='par_1_3' title="bbox 1536 0 1815 2973">
     <span class='ocr_line' id='line_1_16' title="bbox 1536 0 1815 2973; baseline 0 0"><span class='ocrx_word' id='word_1_111' title='bbox 1536 0 1815 2973; x_wconf 95' lang='lat' dir='ltr'> </span> 
     </span>
    </p>
   </div>
  </div>
 </body>
</html>
