1815 2973
375 215 392 224 ι,
676 176 723 207 An
753 157 937 209 cxi-tinnis&
958 173 1079 213 2,7-8
1201 182 1210 191 ·
1437 171 1460 204 5

200 306 209 312 „
251 243 440 313 {gerum
484 234 687 293 neminem
730 250 908 303 probare
950 262 1067 302 queo,
1105 261 1227 302 quum
1256 260 1351 302 pars
1380 248 1503 289 nimis

192 339 203 364 ,-
226 310 402 358 &imme
422 316 525 355 citra
544 316 685 365 iustos,
716 320 762 356 ut
780 317 837 355 ita
857 315 1000 362 dicam,
1031 316 1227 356 terminos
1258 315 1500 362 substiterit,

256 392 360 432 pars
389 392 501 425 vero,
521 391 605 418 non
624 383 816 419 contenta
836 392 883 419 eo
902 379 1009 430 quod
1029 380 1118 418 sine
1139 380 1295 418 erroris
1316 379 1501 430 pe11cu10

216 436 220 440 ’
251 443 474 493 affirmare
503 444 664 491 liceret,
695 445 820 483 nimio
849 444 981 483 studio
1014 444 1137 491 elata,
1167 444 1345 495 longius,
1376 455 1500 495 quam

198 503 202 507 ’
262 511 352 548 tuto
381 505 472 548 fieri
501 511 674 561 poterat,
706 509 759 547 sit
786 520 1023 561 progressa.
1041 508 1108 548 Illi
1129 509 1249 554 enim,
1279 510 1349 560 qui
1377 508 1501 560 longe

202 584 205 586 “
261 573 428 625 plurimi
457 577 563 618 sunt,
591 585 717 630 quum
759 576 1004 624 reputarent
1040 573 1266 612 versiculos
1295 573 1372 612 hos
1399 585 1499 624 pos-

261 642 413 678 tremos
456 639 617 677 nullum
659 639 866 691 integrum
909 650 1078 678 carmen
1122 650 1196 689 per
1239 650 1282 677 se
1313 638 1495 683 efficere,

249 703 450 743 continuo
494 715 562 742 eos
606 702 839 743 tribuerunt
882 702 1028 742 eidem-¹
1053 702 1227 742 carmini
1255 702 1322 742 cui
1352 702 1494 742 decem

259 768 430 819 priores,
460 768 702 806 sententiam
719 780 861 819 parum
881 768 1136 818 probabilem
1159 759 1350 818 amplexi,
1372 780 1496 818 quum

260 831 376 881 nullo
404 842 574 882 prorsus
606 831 904 871 sententiarum
924 843 1037 871 nexu
1055 831 1100 870 hi
1127 843 1275 871 versus
1296 843 1389 870 cum
1410 831 1494 870 illis

219 942 224 949 .
251 896 522 946 copulentur.
568 895 651 933 Alii
694 899 851 949 contra.
887 900 1175 947 praeterquam
1205 895 1313 945 quod
1341 900 1496 947 negant

262 959 314 998 ad
344 970 512 998 carmen
543 959 592 998 de
621 971 786 1009 passere
828 962 912 998 tres
955 963 1182 1010 postremos
1219 971 1364 997 versus
1393 970 1496 1009 per-

257 1025 567 1076 -tinere‚ssporr0
610 1023 761 1064 audent
799 1024 1021 1064 diiudicare
1056 1036 1274 1075 quamnam
1304 1023 1440 1063 sedem
1471 1036 1496 1062 a

261 1090 394 1146 prima
409 1081 507 1128 'inde
528 1090 689 1140 origine
709 1090 916 1128 tenuerint
936 1102 945 1128 :
978 1089 1218 1140 Spengelius
1244 1089 1496 1127 existimavit

259 1165 335 1194 -eos
363 1157 522 1205 partem
551 1165 639 1192 esse
667 1153 773 1192 alius
802 1153 1014 1192 cuiusdam
1044 1154 1237 1193 carminis
1257 1153 1301 1191 in
1321 1153 1494 1192 eundem

255 1218 545 1270 passerculum
575 1219 749 1256 exarati.
772 1217 1058 1256 Froehlichius
1078 1228 1147 1256 eos
1167 1218 1382 1267 coniungit
1402 1229 1494 1255 cum
1538 1244 1543 1248 ·

252 1289 387 1323 carm.
403 1282 471 1329 38,
476 1282 516 1322 8.
535 1282 695 1322 Rursus
717 1283 752 1321 si
767 1294 922 1322 morem
938 1294 1058 1333 geras
1076 1282 1298 1333 Pleitner0‚
1313 1282 1492 1329 Klotzio,

187 1336 189 1338 ³
230 1346 491 1396 'Schwabim
524 1358 593 1385 eos
613 1358 838 1398 praepones
857 1347 1031 1386 carmini
1063 1345 1133 1385 14¹³
1162 1376 1171 1392 ‚
1201 1346 1283 1397 vel,
1306 1347 1340 1384 si
1370 1346 1496 1385 Ross-

259 1411 454 1452 bachium
482 1412 644 1462 probas,
674 1412 834 1463 putabis
877 1425 946 1451 eos
989 1411 1268 1463 fragmentum
1296 1411 1496 1462 quoddam

252 1488 344 1516 -esse
365 1476 471 1516 alius
486 1477 697 1520 carminis,
716 1477 830 1516 cuius
846 1477 1017 1529 perierit
1032 1477 1207 1515 initium.
1223 1478 1338 1526 Quae
1358 1477 1494 1516 omnia

254 1542 335 1593 ipsi
363 1554 442 1581 nec
469 1541 632 1592 longius
651 1543 838 1592 persequi
866 1542 1066 1588 volumus,
1097 1553 1174 1580 nec
1203 1542 1380 1593 probare
1399 1554 1494 1593 pos-

259 1618 411 1651 sumus,
439 1618 513 1645 nec
556 1610 696 1645 tamen
738 1606 924 1645 refutare
967 1607 1248 1645 necessarium
1291 1603 1490 1645 ducimus,

257 1670 362 1712 Satis
391 1671 442 1710 s'it
471 1670 573 1710 illud
594 1675 765 1710 tenere:
798 1675 885 1710 tres
914 1674 1137 1722 postremos
1167 1683 1314 1711 versus
1356 1672 1493 1711 seiun-

254 1736 416 1788 gendos
446 1736 608 1787 quidem
637 1749 728 1781 esse
756 1749 780 1775 a
809 1736 945 1776 decem
974 1737 1179 1789 prioribus
1211 1736 1261 1789 (si
1289 1738 1358 1788 qui
1381 1741 1490 1784 sunt,

258 1802 328 1853 qui
361 1800 545 1853 profecto
576 1805 686 1849 sunt,
718 1802 787 1852 qui
816 1802 1027 1841 enitantur
1056 1802 1340 1841 demonstrare
1377 1814 1490 1840 com-

251 1866 514 1917 parationem
535 1878 588 1904 ex
608 1865 748 1904 fabula
768 1865 817 1904 de
837 1866 1030 1905 Atalanta
1050 1865 1181 1918 deque
1202 1867 1340 1905 aureis
1372 1866 1492 1906 malis

258 1929 509 1982 depromtam
529 1942 649 1981 quam
682 1931 891 1982 aptissime
919 1942 1151 1981 congruere
1181 1943 1272 1969 cum
1304 1932 1354 1969 iis
1387 1943 1493 1981 quae

257 1995 523 2034 enuntiantur
552 1995 595 2033 in
624 1994 762 2034 decem
805 1995 1011 2046 prioribus
1039 1995 1244 2041 versibus,
1276 2007 1345 2041 eos
1383 1995 1488 2035 nihil

255 2071 410 2099 moror:
442 2060 545 2099 nihil
575 2062 682 2099 enim
711 2064 795 2099 tam
820 2060 1040 2099 absurdum
1080 2065 1141 2099 est
1173 2061 1280 2112 quod
1317 2065 1492 2112 patrono

246 2122 426 2176 *careat);
458 2136 605 2163 verum
625 2126 694 2176 qui
715 2137 856 2164 eorum
876 2125 1092 2177 pristinam
1113 2124 1249 2165 sedem
1270 2130 1487 2178 quaerunt,

252 2199 326 2228 eos
355 2188 486 2240 quoad
524 2200 632 2229 nova
674 2194 939 2229 monumenta
970 2194 1154 2231 veterum
1184 2191 1418 2230 litterarum
1448 2192 1490 2242 in

136 2252 138 2254 ’
254 2252 391 2292 lucem
406 2253 616 2304 prodeant,
639 2254 824 2293 laborem
844 2255 1061 2308 exantlare
1091 2267 1461 2307 supervacaneum.

363 2318 435 2359 111.
467 2318 540 2358 His
561 2317 612 2359 de
631 2331 802 2361 numero
822 2332 1017 2361 versuum
1036 2321 1284 2373 praemissis,
1314 2321 1493 2372 gradum
