1815 2973
696 143 698 145 >
728 143 777 169 A»
798 108 1123 177 nimiu-imm
1169 114 1186 184 'v
1460 132 1503 167 33

139 202 155 228 ’·
213 215 216 219 “
301 204 399 253 sunt
425 205 548 252 hodie
573 222 733 259 versus,
763 211 873 264 iique
899 212 944 251 in
970 211 1172 264 FriUOiPi⁰
1199 209 1298 250 ‘fere
1327 209 1537 256 carmini&

299 274 369 316 i'sti
389 289 398 316 ε

492 395 552 438 ἠδὲ
577 396 702 432 Κόνων
729 395 867 443 ἔβλεψεν
893 396 928 431 ἐν
953 394 1023 445 ἠέρι
1048 395 1106 431 τόν
1131 394 1306 444 Βερενίκης

501 455 697 505 βόστρυχον,
722 454 759 490 ὃν
785 454 876 498 κείνη
903 460 1003 490 πᾶσιν
1029 454 1126 498 ἔθηκε
1149 456 1248 493 θεοῖς.

296 586 367 638 qui
393 597 543 637 magno
574 585 738 637 quidem
765 587 860 627 usui
900 586 1069 626 fuerunt
1105 586 1149 625 in
1183 584 1435 625 emendando
1464 583 1541 624 Ca-

294 649 399 690 tullo
427 649 522 697 66,7
553 662 668 702 seqq.
700 649 757 703 (v,
785 651 811 690 7
838 662 914 703 pro
943 662 991 690 eo
1019 649 1127 701 quod
1155 649 1312 701 codices
1339 648 1540 701 praebent

293 715 344 760 in,
366 715 545 754 numine
571 715 731 766 requiri
757 715 923 754 videtur
944 715 992 754 in
1020 715 1197 761 lumine,
1219 725 1343 765 quum
1364 712 1540 753 caelesti

292 779 340 819 in
367 775 534 820 lumine
561 779 710 819 melius
739 778 889 819 reddat
917 790 1111 832 graecum
1140 782 1173 818 ἐν
1198 781 1283 832 ἠέρι.
1322 778 1375 819 V.
1407 776 1435 817 9
1462 788 1537 829 pro

290 855 340 883 eo
367 843 474 895 quod
500 843 662 884 codices
690 845 893 896 praebent
919 844 1116 891 dearum,
1145 843 1362 895 Hauptius,
1385 842 1535 882 collato

290 915 443 961 graec'o
461 914 550 952 θεοῖς
568 908 778 948 intellexit
807 908 1098 961 corrigendum
1127 920 1219 948 esse
1238 905 1436 960 deorum)
1463 906 1537 946 sed
1600 953 1602 955 ,

287 972 403 1013 nobis
430 973 534 1012 nihil
561 972 754 1025 prodesse
782 977 963 1025 possunt.

341 1035 390 1077 In
426 1039 608 1077 carmine
646 1039 853 1078 caesaries
893 1038 1066 1091 reginae
1103 1038 1323 1077 Berenices
1359 1038 1533 1088 loquens

289 1101 514 1148 inducitur,
544 1102 758 1154 refertque
785 1115 876 1142 cum
906 1103 990 1142 alia
1019 1090 1162 1150 multa,
1184 1105 1270 1141 tum
1290 1102 1415 1142 etiam
1442 1112 1487 1140 se
1507 1112 1531 1140 a

286 1167 444 1217 regina,
476 1178 576 1217 rege
605 1166 657 1206 ad
684 1167 839 1206 bellum
867 1167 1053 1218 profecto
1068 1197 1078 1213 ‚
1113 1168 1302 1206 omnibus
1331 1166 1437 1205 divis
1453 1196 1462 1212 ,
1495 1166 1531 1203 si

285 1230 353 1271 vir
381 1230 600 1272 incolumis
630 1230 835 1279 rediisset,
863 1234 1004 1272 votam
1032 1232 1219 1285 primum,
1240 1229 1400 1279 deinde,
1420 1229 1531 1271 dam—

288 1299 387 1335 nata
414 1296 508 1348 voti⁸
527 1297 687 1347 regina,
718 1296 767 1335 iis
796 1296 932 1336 datam
948 1326 958 1343 ,
993 1299 1116 1349 atque
1143 1297 1189 1335 in
1216 1296 1419 1347 gremium
1447 1296 1531 1335 Ve-

286 1361 401 1401 neris
432 1361 651 1409 sublatam,
683 1372 707 1400 a
736 1360 811 1402 dea
840 1361 1034 1402 continuo
1053 1361 1165 1406 inter
1189 1360 1327 1401 sidera
1354 1360 1530 1418 relatam

283 1425 416 1465 fuisse
434 1455 444 1472 ,
492 1430 571 1467 etc.
618 1427 769 1468 Cetera
812 1418 916 1480 quae
958 1427 1164 1468 caesaries
1196 1438 1323 1479 porro
1351 1438 1529 1467 narrare

281 1492 417 1543 pergit
453 1491 536 1532 huc
576 1504 660 1532 non
697 1491 883 1540 faciunt,
926 1492 1000 1533 sed
1040 1496 1135 1532 sunt
1176 1491 1447 1545 expendenda
1489 1496 1530 1532 et
1570 1529 1573 1531 .

282 1556 438 1596 trutina
466 1556 679 1609 pensanda
707 1557 836 1598 verba
864 1558 953 1611 ipsa
982 1558 1157 1606 Catulli,
1187 1558 1257 1598 ubi
1285 1569 1403 1598 coma
1431 1569 1529 1597 con-

281 1612 517 1662 versionem
546 1624 611 1662 sui
639 1623 684 1662 in
712 1622 823 1663 sidus
852 1627 1155 1664 commemorat:
1177 1623 1294 1671 diva,
1309 1616 1364 1664 ne
1391 1634 1528 1663 aurea

281 1689 443 1728 corona
469 1698 526 1728 eoe
553 1687 788 1729 Ariadneis
816 1688 1082 1740 temporibus
1108 1688 1251 1740 foretx
1267 1688 1359 1740 fiaea
1384 1688 1526 1729 solum

284 1781 637 1792 .........
669 1753 713 1792 in
741 1753 868 1794 vario
898 1754 1065 1794 lumine
1092 1754 1216 1802 caeli,
1246 1753 1323 1809 sed
1342 1751 1427 1806 (ut)
1445 1764 1525 1793 nos

281 1827 464 1868 quoque,
482 1818 670 1858 eoeuviae
688 1818 870 1865 devotae
895 1819 1007 1869 flavi
1025 1818 1219 1866 verticis,
1234 1818 1522 1871 fulyeremus,

274 1882 432 1932 posuit
457 1894 537 1928 me,
564 1882 793 1931 cedentem,
822 1884 1051 1925 uvidulam
1079 1895 1108 1924 a
1133 1884 1252 1935 fietu,
1276 1883 1336 1924 ad
1362 1883 1524 1933 templa

226 1966 229 1968 -
278 1945 422 1994 deum,
451 1946 578 1987 sidus
605 1958 765 1995 novum
791 1948 840 1989 iu
867 1946 1116 2002 (sideribus)
1154 1947 1365 1999 antiquis,
1400 1946 1523 1988 Nunc

277 2010 404 2051 velim
432 2011 485 2052 ad
511 2012 616 2052 illud
643 2013 829 2053 animum
858 2013 1062 2062 advertas,
1090 2012 1201 2065 quod
1227 2013 1327 2053 alibi
1353 2013 1520 2064 planius

238 2094 241 2095 ⁷
277 2075 482 2129 explicavi
511 2075 616 2131 (cap.
644 2077 683 2118 II
709 2079 751 2130 g.
778 2077 870 2132 IV),
901 2081 1055 2133 quanto
1097 2077 1255 2119 scilicet
1291 2089 1415 2130 opere
1443 2077 1523 2118 Ca-

276 2140 404 2182 tullus
445 2141 600 2182 lusum·
623 2143 846 2185 verborum
886 2143 1146 2185 adamaverit
1181 2144 1226 2184 in
1269 2141 1413 2184 eodem
1448 2143 1519 2182 vel

277 2207 461 2262 carmine
488 2207 557 2247 vel
584 2208 709 2248 etiam
736 2221 862 2249 versu
890 2210 1154 2250 iteratorum:
1185 2208 1237 2249 ad
1266 2208 1371 2249 illud
1398 2219 1521 2260 prae-

276 2274 407 2320 terea,
439 2273 483 2312 in
509 2272 649 2313 verbis
678 2274 797 2315 modo
834 2274 974 2315 allatis
1007 2275 1149 2316 solum
1184 2286 1267 2316 non
1303 2273 1519 2314 admodum

276 2340 371 2389 apte
385 2336 571 2378 adverbii
585 2338 677 2379 vice
691 2329 824 2391 fungi.
840 2338 951 2385 Quae
966 2352 1089 2392 quum
1104 2340 1162 2380 ita
1177 2339 1273 2388 sint,
1291 2350 1410 2391 spero
1425 2337 1517 2379 fore

1365 2425 1386 2459 3
