1815 2973
534 534 626 586 AD
665 532 1037 594 CATULLUM
1072 527 1113 593 6,
1135 542 1259 589 12·14

736 929 945 990 CAPUT
981 947 1049 989 11.

377 1252 409 1292 Ι.
439 1252 504 1292 En
546 1264 693 1306 parum
738 1252 907 1306 pudicos
947 1252 1335 1310 hendecasyllabos,
1373 1253 1496 1306 pudic

270 1318 407 1359 tamen
433 1320 577 1370 poetae
605 1322 646 1358 et
672 1318 728 1370 pii
757 1317 828 1371 (cf.
860 1318 1010 1358 Catull.
1039 1317 1121 1371 16).

320 1452 341 1473 ‹
366 1438 491 1480 Flavi,
528 1437 679 1473 delicias
715 1441 799 1474 tuas
837 1437 985 1474 Catullo
1020 1456 1070 1465 —
1106 1437 1179 1474 Nei
1217 1437 1292 1474 sint
1323 1438 1510 1485 inlepidae

270 1499 380 1545 atque
404 1496 636 1544 inelegantes
660 1515 710 1524 —
733 1496 860 1533 Velles
887 1496 1011 1534 dicere
1049 1507 1117 1533 nec
1146 1500 1270 1533 tacere
1295 1507 1434 1544 posses.
1460 1517 1507 1526 —

270 1558 415 1594 Verum
439 1557 650 1603 nescioquid
674 1556 890 1593 febriculosi
912 1576 960 1601 ,-
988 1556 1109 1593 scorti
1135 1557 1270 1604 diligis:
1301 1557 1370 1594 hoc
1393 1559 1509 1605 pudet

269 1616 390 1654 fateri.
417 1635 463 1644 -
487 1615 586 1653 Nam
609 1620 647 1653 te
663 1626 739 1652 non
764 1615 894 1653 viduas
918 1615 1042 1652 iacere
1066 1619 1191 1653 noctes
1208 1634 1256 1644 -
1272 1616 1508 1664 Nequiquam

269 1678 422 1713 tacitum
447 1676 571 1713 cubile
587 1677 726 1712 clamat
742 1695 790 1702 —
807 1675 926 1712 Sertis
953 1687 996 1711 ac
1022 1675 1130 1721 Syrio
1145 1675 1317 1723 fragrans
1334 1676 1448 1720 olivo,
1469 1696 1516 1704 —

275 1735 531 1783 Pulvinusque
555 1746 743 1783 peraeque
767 1738 808 1772 et
830 1734 890 1771 hic
915 1738 954 1771 et
977 1734 1044 1772 ille
1081 1754 1130 1762 —
1166 1735 1341 1782 Attritus,
1375 1740 1517 1773 tremu-

277 1796 377 1844 lique
402 1807 534 1844 quassa
558 1795 647 1832 lecti
672 1815 721 1823 —
743 1795 940 1843 Argutatio
978 1795 1288 1843 inambulatioque
1326 1816 1372 1823 —
1409 1796 1520 1834 Nam

278 1856 321 1892 in
343 1856 422 1892 ista
440 1856 640 1903 praevalet
663 1855 763 1891 nihil
787 1858 924 1892 tacere.
949 1874 1000 1882 —
1026 1854 1107 1889 Cur
1130 1865 1209 1906 {ton
1232 1859 1314 1891 tam
1339 1857 1466 1891 latera
1482 1861 1537 1891 et>

200 1933 207 1940 =
269 1916 411 1962 futura
445 1914 583 1961 panda
620 1932 669 1941 —
706 1915 785 1951 Nec
820 1918 864 1950 tu
903 1913 1000 1961 quid
1037 1914 1165 1959 facias
1191 1915 1441 1961 ineptiarum.
1467 1934 1517 1942 —

276 1975 401 2021 Quare
427 1975 604 2022 quidquid
640 1975 755 2011 habes
780 1974 878 2011 boni
914 1974 1076 2021 malique
1101 1994 1151 2002 —
1174 1967 1242 2011 Dic
1279 1976 1395 2012 nohis.
1420 1976 1520 2012 Volo

147 2038 161 2060 ¹*
212 2051 215 2053 ·
271 2038 311 2071 te
334 2045 381 2071 ac
405 2038 487 2071 tuos
512 2044 658 2071 amores
671 2053 718 2061 —
732 2034 791 2071 Ad
816 2033 961 2070 caelum
977 2033 1100 2081 lepido
1116 2045 1252 2071 vocare
1272 2044 1400 2071 versu.
1424 2046 1444 2068 »

327 2149 394 2189 Ex
421 2148 577 2189 duobus
606 2150 765 2202 optimis
793 2149 1014 2191 ”codicibus
1051 2151 1234 2191 Datanus
1276 2150 1445 2190 exhibet
1473 2150 1518 2189 in

275 2226 403 2256 versu
430 2213 666 2256 duodecimo
694 2216 742 2257 in
769 2207 871 2265 ista,
913 2216 1128 2258 Laurentii
1166 2216 1351 2258 San'tenii
1393 2215 1519 2268 paulo

273 2280 397 2321 aliter
423 2281 473 2320 ni
500 2281 602 2322 ista.
631 2281 681 2320 In
708 2292 835 2321 versu
863 2280 1020 2321 decimo
1048 2282 1170 2321 tertio
1190 2285 1285 2321 sunt
1302 2281 1426 2321 etiam
1446 2293 1516 2321 co-

200 2340 210 2353 ‘
274 2345 387 2388 dices
415 2347 485 2400 qui
511 2346 694 2387 habeant
720 2347 930 2399 eoefututa
949 2347 1163 2400 pandant.

261 2452 264 2460 ,
326 2411 483 2452 Suntne
523 2412 589 2451 isti
629 2416 715 2452 tres
757 2423 904 2453 versus
933 2411 1151 2466 corrupti?
1194 2413 1318 2453 immo
1353 2423 1522 2465 corrup-

1434 2500 1458 2533 2
