1815 2973
343 146 386 178 48
727 153 774 178 u>
795 153 984 179 οιτυιισι
1009 145 1083 185 116,
1095 146 1117 178 4

299 224 370 276 qui
397 223 533 265 labori
561 226 635 264 est.
667 237 688 260 ‹
719 222 913 275 Infestus
954 233 1115 276 quoque
1131 253 1141 272 ,
1170 237 1192 261 »
1224 223 1360 277 pergit
1386 217 1539 266 dicere:
1570 229 1573 233 “
1596 230 1605 240 ⁶

302 303 323 325 ‹<
354 289 521 342 ancipiti
551 286 864 340 significatione¹
880 290 955 328 est.
984 286 1090 328 Nam
1117 290 1159 328 et
1185 288 1220 328 is
1252 288 1438 341 infestus
1465 300 1543 342 ap-
1594 291 1598 294 ’

297 354 493 408 pellatur,
525 354 594 407 qui
623 353 777 394 malum
805 353 934 394 infert
962 353 1140 406 cuipiam
1155 384 1166 402 ,
1207 344 1260 394 et⁴
1275 357 1442 402 contra,
1472 355 1541 395 cui

298 419 462 461 aliunde
477 418 682 473 impendet
700 419 867 467 malum,
888 419 924 459 is
944 430 1102 471 quoque
1117 418 1308 471 infestus
1327 418 1490 460 dicitur.
1517 435 1539 458 »

246 481 250 484 ’
352 485 466 531 Quae
495 484 658 538 quidem
686 482 878 525 Gelliana
907 483 1054 525 favere
1073 496 1173 525 sane
1191 483 1384 525 videntur
1403 485 1541 526 conie-

298 554 441 591 cturae
462 549 723 590 Lachmanni
744 550 796 589 ab
817 549 966 589 Ellisio
981 549 1177 590 defensae
1197 547 1316 602 (adeo
1331 553 1378 589 ut
1395 550 1539 590 mirari

296 628 381 657 non
411 615 596 655 desinam
625 613 749 654 Gellii
776 614 911 655 locum
954 613 1147 655 Ellisium
1190 614 1382 669 fugisse);
1411 627 1537 668 porro

297 681 428 722 eidem
443 681 559 721 favet
573 680 838 721 coniecturae
854 679 970 720 locus
985 679 1147 731 quidam
1163 681 1218 727 Ω.-
1233 679 1365 720 Curtii
1384 679 1534 728 4,6,22:

295 761 317 783 «
340 747 542 786 interiora
572 757 733 797 quoque
761 745 876 784 urbis
906 745 1004 785 telis
1032 745 1193 797 infesta
1212 749 1347 792 erant,
1373 760 1393 782 »
1414 756 1535 797 quem

277 811 430 852 ‚locum
459 810 656 850 Barthius
684 810 781 850 olim
811 809 950 849 attulit
992 809 1263 862 repetivitque
1298 810 1536 862 nuperrime

293 876 482 916 Ellisius.
511 875 566 915 Et
593 879 732 915 tamen
753 905 763 921 ,
810 886 1054 927 quamquam
1096 879 1264 927 propter
1305 875 1412 915 istud
1440 876 1543 922 telis,

292 940 461 992 infesta
488 939 635 986 Curtii,
658 939 702 978 in
724 939 965 980 sententiam
994 938 1249 979 Lachmanni
1277 939 1403 980 facile
1422 938 1540 981 vide-1

292 1017 386 1044 mur
415 1016 506 1044 esse
535 1004 796 1050 concessuri,
826 1015 975 1043 rursus
994 1033 1004 1050 ‚
1040 1003 1111 1042 uhi
1141 1003 1193 1043 ad
1231 1003 1334 1043 illud
1365 1004 1534 1045 mittere

293 1069 548 1122 respicimus,
567 1069 619 1108 ab
639 1080 688 1108 ea
709 1069 796 1121 ipsa
815 1068 927 1108 ultro
943 1067 1201 1117 discedimus,
1218 1068 1533 1121 probabiliorem

291 1133 619 1174 emendationem
657 1136 843 1173 aventes.
875 1133 1040 1173 Habeas
1068 1134 1195 1185 igitur
1231 1133 1354 1182 hanc,
1388 1134 1533 1183 cuius-

289 1211 462 1250 cumque
490 1198 598 1238 modi
627 1210 675 1238 ea
704 1202 780 1238 est:

384 1330 404 1349 «
438 1316 527 1353 Tela
553 1317 698 1361 infesta
725 1326 852 1352 meum
879 1317 1025 1352 mittere
1051 1316 1090 1351 in
1117 1326 1232 1362 usque
1260 1321 1381 1363 caput.
1401 1327 1418 1351 ιι

339 1419 427 1458 1)υο
456 1414 569 1459 Ievia
598 1418 718 1458 addo.
756 1419 860 1459 Tela
888 1419 1010 1458 etiam
1031 1419 1309 1471 metaphorice
1332 1422 1531 1471 usurpata

285 1483 416 1523 fuisse
446 1487 588 1523 notum
631 1487 707 1523 est:
743 1482 864 1524 ovid.
909 1484 1029 1523 Pont.
1069 1483 1205 1530 4,6,36
1244 1484 1326 1524 tela
1354 1485 1531 1537 linquae

284 1549 380 1589 item
410 1550 493 1590 tela
519 1549 733 1601 fortunae
776 1553 853 1589 etc.
883 1548 947 1588 Ad
991 1549 1039 1590 in
1066 1559 1204 1600 usque
1249 1548 1357 1601 quod
1383 1550 1529 1591 attinet

281 1618 376 1665 apte
405 1614 632 1654 conferunt
661 1615 795 1654 critici
824 1615 924 1654 Stat.
955 1615 1083 1654 Theb.
1119 1615 1240 1660 1‚438
1247 1646 1322 1654 .....
1359 1632 1379 1650 «
1415 1616 1527 1660 Quae

282 1689 409 1718 causa
438 1678 592 1718 furoris
614 1701 665 1708 -—
686 1678 866 1720 Externi
894 1677 1096 1720 iuvenes?
1124 1685 1257 1731 neque
1286 1680 1395 1720 enim
1414 1692 1529 1722 meus

282 1742 433 1783 audeat
470 1744 570 1783 istas
609 1744 721 1783 Civis
754 1745 938 1796 inusque
978 1756 1126 1783 manus
1154 1759 1193 1783 ».
1225 1745 1346 1796 Apud
1379 1745 1528 1787 Catul-

280 1808 366 1847 lum
382 1811 520 1848 autem
537 1809 706 1848 memini
721 1821 785 1848 me
801 1809 942 1859 legere
957 1808 1021 1848 bis
1037 1808 1095 1848 ad
1109 1820 1246 1859 usque
1261 1809 1524 1862 (3‚10.4‚24.)

424 1909 441 1920 x
