1815 2973
574 206 865 266 {undecumque
882 183 1012 251 verba
1028 205 1139 250 Livii
1151 207 1370 253 videantur
1388 219 1536 249 emen-

299 271 558 329 &eaditham
586 272 640 314 ad
666 271 772 323 illud
790 268 975 329 veniam)
1003 274 1201 316 universa
1228 264 1437 320 sententia
1457 273 1534 315 ista

298 332 559 393 sit'oportet:
588 325 802 392 perspecta
837 341 1068 381 animorum
1105 341 1378 383 conversione
1416 339 1537 381 incli-

300 406 565 458 nationeque
590 405 634 444 in
677 404 901 458 Romanos,
929 396 1150 460 nuntioque
1191 410 1358 461 accepto
1400 410 1536 447 motus

242 478 245 481 “
289 472 482 520 hostiles,
503 469 702 513 Romanis
723 471 835 517 vires
854 471 1132 513 reficientibus
1159 473 1366 527 copiisque
1390 485 1535 514 eorum

300 538 466 591 propius
495 535 796 584 accedentibus,
821 537 974 589 passim
1004 536 1106 586 fieri,
1133 538 1407 578 Hannibalem
1434 538 1534 590 angi

300 615 401 643 cura
421 602 599 642 maxima
617 602 801 654 coepisse
822 601 871 642 de
900 601 1063 654 Capuae
1091 603 1357 654 possessione,
1387 615 1440 643 ne
1472 603 1536 642 in-

240 671 246 677 ”
302 668 432 716 colae,
460 668 529 720 qui
558 666 723 720 quidem
752 667 1034 708 Romanarum
1063 668 1240 720 partium
1259 672 1411 716 essent,
1430 666 1537 709 forte

303 735 568 776 coniurarent
598 733 647 773 de
677 733 922 785 recipiendis
944 734 987 773 in
1008 734 1149 773 urbem
1167 733 1380 774 Romanis.
1405 733 1540 782 Quod-

302 813 398 848 nam
417 800 468 841 ad
487 799 527 840 id
546 799 762 841 consilium
784 800 941 854 ceperit
961 799 1185 848 Hannibal,
1207 799 1249 839 iu
1271 799 1539 852 sequentibus

302 865 573 918 paragraphis
604 866 935 918 explanabimus.

358 931 577 971 Declarato
605 930 702 983 quid
731 931 773 970 in
801 930 1005 983 particula
1025 930 1095 971 illa
1114 941 1281 982 quoque
1309 932 1538 972 sententiae

302 997 441 1043 lateat,
474 1000 593 1048 atque
623 997 680 1035 ita
708 996 776 1035 via
805 997 925 1035 nobis
955 995 1248 1048 quodammodo
1290 995 1342 1036 ad
1382 995 1543 1048 reliqua

304 1074 408 1115 quae
438 1066 532 1101 sunt
562 1061 819 1115 disputanda*
835 1062 1005 1110 munita,
1036 1061 1223 1114 protinus
1250 1072 1471 1114 pergamus
1490 1061 1542 1101 ab

305 1128 394 1166 istis
424 1139 529 1179 quae
559 1131 681 1167 erant
718 1127 987 1174 enucleanda,
1034 1127 1086 1167 ad
1127 1126 1254 1167 verba
1297 1139 1404 1179 quae
1450 1130 1547 1167 sunt

306 1192 574 1232 emendanda.
604 1192 691 1238 Qua
719 1193 761 1232 in
791 1205 851 1238 re,
883 1194 1045 1233 ratione
1079 1195 1242 1232 utemur
1284 1192 1424 1232 eadem
1464 1204 1545 1244 qua

307 1271 444 1299 sumus
472 1259 536 1297 usi
564 1259 606 1298 in
636 1257 897 1311 explananda
933 1259 974 1298 vi
1011 1258 1241 1311 particulae
1274 1257 1410 1298 illius:
1441 1258 1545 1298 haec
1578 1250 1581 1253 ’

306 1324 412 1363 enim
441 1323 744 1376 pensandorum
766 1322 1190 1376 emendandorumque
1211 1324 1456 1375 scriptorum
1477 1330 1558 1363 ars*

306 1401 388 1428 non
417 1390 546 1441 magis
587 1389 740 1441 indiget
779 1389 1071 1441 grammaticae
1115 1388 1357 1440 disciplinae
1399 1387 1549 1428 verbo-
1602 1424 1605 1427 t

307 1466 478 1506 rumque
520 1454 886 1506 interpretationis,
927 1467 1049 1506 quam
1091 1454 1358 1494 historiarum
1403 1453 1547 1505 cogni·

307 1520 440 1567 tionis,
471 1532 562 1559 cum
592 1523 778 1571 oporteat
796 1532 909 1571 xquae
948 1523 1043 1559 sunt
1070 1510 1203 1572 posita
1238 1519 1282 1558 in
1319 1518 1558 1571 philologia

308 1597 429 1636 quam
471 1589 634 1631 vocant,
666 1585 708 1623 in
741 1585 969 1625 eruditione
998 1585 1188 1636 omnique
1208 1584 1395 1624 doctrina
1417 1588 1457 1624 et
1482 1583 1547 1623 in-

307 1653 372 1688 ter
390 1662 432 1689 se
463 1650 733 1696 consentiant,
755 1653 796 1689 et
815 1650 1032 1689 coniuncta
1049 1648 1308 1702 suppeditent
1327 1660 1377 1689 ea
1391 1648 1545 1701 quibus

309 1726 382 1754 nos
425 1715 574 1754 muniti
615 1714 658 1753 in
699 1725 746 1753 re
789 1712 1063 1761 elaboremus,
1104 1725 1347 1767 quamquam
1390 1724 1543 1766 magna

309 1791 405 1831 pars
434 1779 555 1819 hodie
584 1778 690 1831 apud
710 1791 784 1819 nos
801 1780 843 1818 in
863 1784 1050 1819 veterum
1069 1779 1301 1820 litterarum
1322 1778 1544 1832 disciplinis

310 1844 410 1884 adeo
430 1844 511 1884 alia
532 1845 583 1885 ab
604 1845 695 1884 aliis
715 1843 930 1892 divellunt,
953 1849 1012 1893 ut,
1034 1844 1149 1897 quasi
1169 1845 1238 1896 qui
1259 1844 1392 1885 solum
1421 1856 1545 1896 quum

309 1911 513 1950 verterint
545 1912 588 1950 in
626 1910 802 1951 insulam
839 1910 1054 1962 quamdam
1092 1923 1260 1964 parvam
1294 1909 1544 1957 concedunt,

311 1977 367 2016 ita
387 1977 519 2016 nostri
539 1977 671 2016 critici
692 1988 735 2016 se
761 1976 836 2029 ipsi
857 1976 1098 2028 quibusdam
1118 1976 1277 2016 artibus
1297 1975 1545 2016 necessariis

281 2080 285 2082 ,
310 2041 569 2095 prohibeant,
593 2042 729 2094 ignari
750 2046 884 2083 tamen
915 2041 1011 2095 quid
1047 2046 1343 2095 consequatur;
1367 2053 1463 2082 nam
1492 2053 1548 2082 ne

312 2109 354 2146 in
376 2112 491 2160 parte
520 2107 679 2159 quidem
702 2108 743 2147 in
762 2120 842 2160 qua
869 2108 981 2148 vires
1003 2120 1098 2148 suas
1119 2110 1225 2147 totas
1246 2118 1443 2147 exercere
1465 2110 1548 2147 sta-

312 2177 497 2222 tuerunt,
529 2173 581 2213 ad
609 2173 895 2214 excellentiam
925 2172 1127 2227 quandam
1156 2173 1374 2225 pervenire
1394 2172 1546 2213 nedum

313 2239 448 2278 nobile
475 2238 743 2291 perfectionis
773 2239 984 2290 fastigium
1014 2240 1219 2291 attingere
1247 2237 1435 2290 possunt!
1467 2237 1547 2278 Sed

314 2304 365 2344 ab
394 2304 607 2345 inutilibus
637 2304 847 2356 questibus
878 2305 958 2345 iam
988 2308 1260 2357 temperemus
1281 2307 1402 2357 atque
1425 2315 1549 2359 porro

274 2392 279 2398 x
315 2382 546 2422 pergamus.
