1815 2973
362 212 400 244 16
612 251 614 253 ¹
749 217 794 243 An
817 217 1000 243 cunnum
1023 210 1060 249 2,
1071 209 1131 242 7-8
1149 234 1152 237 Α

363 289 416 328 Ut
444 287 496 327 ad
523 297 690 326 versum
718 286 931 338 septimum
973 286 1154 334 redeam,
1196 287 1487 339 reponendum·
1509 289 1554 329 in

240 346 243 350 ’
309 365 357 393 eo
387 352 476 403 erit,
506 350 718 405 repudiato
747 349 853 402 quod
881 361 993 392 nune
1020 350 1146 404 vulgo
1174 350 1330 392 editur:
1365 365 1386 395 ‹
1411 353 1465 395 Ut
1485 351 1556 396 se-'
1617 355 1621 358 ’

308 417 501 458 laciolum
533 432 554 453 »
586 419 665 457 etc.
696 415 768 456 vel
795 416 854 456 Et
873 415 981 468 quod
999 415 1158 457 codices
1176 416 1391 469 praebent,
1412 418 1482 459 vel
1500 418 1553 460 In

310 471 416 535 quod
445 482 540 523 olim
569 481 662 521 Itali
691 481 891 534 singulari
920 482 963 521 in
992 481 1107 521 hisce
1137 480 1291 534 studiis,
1313 494 1418 534 quae
1437 495 1555 528 nunc

311 547 417 600 apud
446 559 522 587 nos
553 546 767 587 admodum
788 547 935 594 iacent,
957 547 1146 587 acumine
1165 545 1354 600 praediti,
1372 548 1558 589 coniece-

309 617 422 653 runt.
454 613 588 652 Delor
616 616 750 651 autem
780 623 862 652 non
907 612 986 651 erit
1029 611 1147 652 dolor
1184 624 1237 652 ex
1275 624 1416 654 amore
1445 614 1552 667 quod

312 678 437 731 vulgo
467 677 651 718 creditur
681 676 820 729 (etiam
839 677 896 716 M.
918 670 1115 729 Hauptius
1133 677 1309 718 Bericlzt
1329 678 1409 718 der
1423 677 1553 719 scioli.

314 743 463 784 Gesell.
486 743 564 783 der
590 741 736 788 Wiss„
765 742 888 781 etiam
920 731 1122 793 opuscul.
1156 741 1307 795 1315),
1340 741 1411 782 sed
1431 754 1557 795 gene-

311 808 434 848 ratim
463 818 563 847 cura
591 819 663 847 seu
684 806 900 859 aegritudo
920 807 1060 855 animi,
1079 808 1114 846 si
1134 807 1327 846 nimirum
1347 808 1437 847 iure
1457 820 1556 848 eon·

311 872 426 913 tendi
441 872 533 912 fore
551 875 595 911 ut
611 871 833 912 absurdum
848 871 1074 919 videretur,
1088 872 1122 911 si
1137 875 1255 924 poeta
1272 872 1349 912 sibi
1365 871 1558 914 finxisset

312 938 503 978 Lesbiam
532 938 632 978 satis
662 937 798 977 solatii
827 938 870 976 in
899 938 993 977 lusu
1011 949 1102 977 cum
1118 949 1287 989 passere
1303 941 1553 990 captantem.

366 1002 431 1041 Ad
460 1013 672 1047 summam,
702 1012 849 1041 versus
877 1005 1047 1042 octavus
1087 1001 1187 1041 mihi
1207 1001 1368 1056 quidem
1398 1001 1551 1044 iamdiu

313 1067 475 1108 videtur
505 1067 821 1120 expungendus:
866 1068 1140 1108 inconcinnus
1179 1069 1285 1107 enim
1319 1073 1407 1115 est,
1450 1081 1553 1109 sen-

313 1133 562 1185 tentiamque
595 1131 720 1172 efficit
756 1143 939 1185 pravam.
970 1131 1171 1185 Septimus
1215 1144 1313 1173 sane
1348 1132 1555 1174 Catullum

313 1198 478 1239 videtur
507 1200 607 1238 satis
637 1198 823 1238 redolere
849 1199 1174 1250 sententiamque
1203 1202 1339 1251 aptam
1370 1194 1552 1249 efficere,

315 1276 435 1316 quem
456 1275 555 1316 ergo
576 1275 659 1303 non
689 1274 836 1304 recuso
865 1264 1080 1316 quominus
1110 1267 1251 1304 tueare
1276 1267 1317 1304 et
1344 1264 1555 1306 mordicus

316 1333 472 1377 teneas;
507 1333 547 1368 et
576 1333 711 1368 tamen
746 1328 900 1368 infitias
936 1340 1019 1368 non
1061 1329 1200 1375 iveris,
1230 1334 1403 1380 utroque
1430 1341 1556 1369 versu

317 1393 508 1447 ablegato
525 1424 534 1442 ,
565 1393 657 1434 fore
686 1396 731 1434 ut
760 1404 941 1442 carmen,
975 1392 1203 1447 expeditius
1232 1392 1400 1442 factum,
1432 1395 1556 1447 paulo

319 1459 486 1498 facilius
520 1463 673 1505 currat,
704 1471 784 1510 qua
812 1459 855 1497 in
874 1470 922 1497 re
950 1459 1129 1498 omnium
1165 1459 1344 1499 maxime
1371 1459 1558 1512 profecto

317 1524 453 1565 elucet
482 1523 679 1564 Catullus.
