1815 2973
339 186 385 223 50
612 196 658 222 nn
678 191 850 223 rou-mus
870 178 945 223 nix
966 185 1041 223 ni‘vi
1057 186 1118 234 Ἄ,
1133 178 1218 223 l-ss)
1274 178 1277 181 ’

298 264 420 305 sicuti
447 260 597 304 Hanno
615 265 805 318 princeps
820 258 1046 329 nobilitatis
1064 257 1168 314 eran
1186 252 1413 320 prinoipem
1431 259 1540 307 Bata
1599 289 1607 323 χ
1656 306 1665 320 ,

296 330 418 372 cinae
447 329 640 372 factionis
669 329 801 373 fuisse
829 329 1033 373 existimo.
1064 329 1242 385 Ari-epta
1270 333 1406 373 autem
1421 338 1536 374 occa·

297 396 412 435 sione
439 407 584 435 moneo
612 396 770 449 aliquot
796 401 888 450 post
916 396 1036 437 annis
1065 395 1240 438 eundem
1267 386 1529 444 Hannonem,

298 460 593 514 Carthaginem
636 463 782 504 nuntio
826 462 1054 504 Cannensis
1096 471 1258 516 pugnae
1287 462 1425 511 allato,
1454 462 1533 503 sibi

297 530 551 567 constantem
587 526 830 580 praedicare
867 539 949 569 non
987 528 1206 577 destitisse,
1251 527 1355 583 (Liv.
1388 527 1547 577 23,12,·

297 593 323 632 8
352 591 484 647 seqq.)
523 593 680 633 bellum
723 593 936 635 exitiabile
978 593 1405 647 Carthaginiensibus,
1450 605 1534 634 non

296 657 494 698 Romanis
521 657 626 699 fore.
672 659 791 707 Quod
819 659 854 699 si
882 659 978 712 quid
1006 658 1058 699 ad
1086 659 1223 700 fontes
1251 659 1358 713 quod
1385 660 1533 701 attinet

296 720 575 776 indagandum
584 723 761 772 videtur,
769 725 874 765 haec
885 725 1017 765 omnia
1029 714 1253 765 consentan
1259 736 1351 764 eum
1362 729 1426 765 est
1436 724 1532 765 olim

298 788 514 842 scripsisse
543 793 639 831 ante
680 790 865 843 reliquos
905 791 1118 840 Romanos
1156 802 1296 831 omnes
1316 821 1326 837 ,
1362 790 1531 831 Fabium

295 854 522 902 Pictorem,
552 856 792 907 aequalem,
823 856 912 895 loco
941 856 1160 908 conspicuo
1189 858 1349 903 natum,
1379 858 1538 895 senato-

296 920 360 961 rio
388 920 564 974 aliisque
592 921 819 962 honoribus
849 922 1016 962 summis
1045 919 1391 968 florentissimum,
1423 921 1535 962 ideo-

298 997 377 1038 que
397 986 587 1038 peritum,
610 986 645 1025 si
674 986 764 1038 quis
790 985 911 1033 alius,
944 997 1084 1026 rerum
1109 989 1149 1025 et
1166 986 1343 1038 partium
1363 984 1536 1027 Cartha-

297 1050 557 1103 giniensium.
601 1050 685 1092 Nec
730 1056 869 1092 tamen
912 1050 1095 1092 arbitror
1123 1050 1282 1092 Livium
1320 1057 1373 1091 ex
1409 1050 1535 1092 Fabio

298 1118 386 1168 ipso
404 1129 478 1156 sua
499 1117 770 1169 expressisse:
794 1128 959 1157 causam
980 1121 1115 1157 autem
1137 1128 1213 1157 cur
1231 1117 1286 1156 ita
1307 1117 1536 1157 existimem

295 1181 425 1222 habes
446 1183 488 1222 in
510 1182 560 1223 iis
581 1195 685 1235 quae
706 1183 823 1224 modo
841 1183 1238 1223 animadvertebam:
1260 1183 1412 1222 Fabius
1429 1183 1537 1223 enim

300 1248 443 1287 Pictor
471 1249 684 1300 utriusque
715 1248 822 1300 apud
861 1249 1230 1301 Carthaginienses
1269 1249 1409 1300 partis,
1440 1249 1536 1287 item

296 1305 511 1364 utriusque
532 1313 662 1364 partis
682 1303 877 1366 principis
909 1314 1154 1354 mentionem
1184 1313 1332 1353 fecerit
1360 1323 1531 1353 necesse

298 1380 372 1424 est,
389 1377 424 1416 si
445 1376 563 1418 modo
584 1376 668 1426 das,
691 1391 784 1418 eum
803 1379 929 1419 hasce
948 1390 1017 1418 res
1038 1378 1236 1431 attigisse.
1257 1378 1533 1425 Quamobrem

298 1441 474 1482 dixerim
505 1442 667 1495 quidem
697 1443 866 1484 Dionem
882 1443 1065 1484 Cassium
1083 1455 1107 1483 a
1122 1443 1247 1484 Fabio
1266 1447 1397 1484 totum
1425 1455 1532 1483 esse:

297 1507 383 1563 (qui
415 1508 489 1549 Dio
517 1508 668 1550 harum
696 1521 837 1551 rerum
866 1511 1043 1551 omnium
1071 1509 1319 1550 mentionem
1346 1508 1533 1563 profecto

295 1575 406 1623 fecit,
437 1579 483 1615 ut
509 1579 619 1628 patet
662 1589 714 1616 ex
752 1578 904 1617 Zonar.
947 1576 1066 1616 modo
1103 1569 1247 1623 allato,
1283 1576 1532 1627 Dionemque

296 1638 470 1693 secuto),
494 1640 567 1681 sed
588 1653 673 1681 non
688 1641 861 1689 Livium,
879 1641 948 1694 qui
964 1642 999 1681 si
1019 1641 1062 1680 in
1079 1640 1158 1681 hoc
1176 1641 1268 1681 loco
1289 1652 1382 1681 eum
1401 1640 1536 1693 perle-

294 1706 435 1757 gisset,
451 1706 615 1757 plenius
644 1707 781 1746 omnia
801 1711 842 1746 et
860 1707 993 1759 plura,
1024 1705 1362 1758 quemadmodum
1383 1710 1424 1745 et
1442 1706 1530 1752 Dio,
1578 1719 1587 1725 ¹

295 1769 569 1811 tradidissset.
1443 1818 1445 1821 .

402 1836 475 1875 IX.
506 1837 597 1876 Liv.
626 1835 694 1883 21,
709 1836 772 1884 19,
785 1836 906 1877 6-20.
925 1836 1092 1883 Eadem,
1110 1848 1216 1887 quae
1234 1847 1368 1888 nuper
1388 1836 1530 1876 obser-

294 1900 503 1948 vabamuS‚
535 1905 630 1941 sunt
657 1901 724 1941 hic
754 1901 939 1941 dicenda.
985 1902 1137 1941 Narrat
1166 1901 1305 1940 Livius
1340 1900 1533 1958 quemad-

296 1965 459 2006 modum
486 1967 612 2017 legati
650 1967 942 2013 Romanorum,
972 1966 1082 2006 bello
1119 1965 1532 2018 Carthaginiensibus

295 2030 464 2080 indicto,
496 2030 736 2084 Hispaniam
767 2036 807 2072 et
836 2032 1011 2073 Galliam
1041 2031 1374 2084 peragraverint,
1408 2032 1444 2072 si
1469 2044 1536 2084 po-

295 2096 412 2149 pulos
432 2097 647 2147 utriusque
675 2096 874 2148 regionis,
897 2099 1009 2135 tanto
1039 2096 1277 2135 imminente
1297 2096 1421 2145 bello,
1443 2108 1537 2148 pos-

296 2165 390 2202 sent
417 2161 460 2202 in
489 2162 726 2202 societatem
744 2161 1024 2202 Romanorum
1057 2161 1272 2215 perlicere,
1303 2163 1367 2202 sin
1395 2161 1534 2202 minus

296 2239 365 2266 eos
393 2228 536 2266 saltem
564 2231 756 2266 avertere
784 2238 809 2265 a
846 2227 1024 2266 Poenis:
1055 2227 1162 2278 quod
1198 2227 1354 2266 frustra
1398 2227 1534 2267 conati

295 2294 407 2332 sunt.
435 2292 556 2340 Rem,
596 2304 701 2345 quae
730 2291 838 2345 apud
866 2292 1081 2345 Polybium
1111 2291 1372 2333 desideratur
1389 2323 1400 2342 ,
1437 2305 1534 2333 nar-

295 2358 454 2396 raverit
482 2361 643 2409 oportet
680 2358 834 2398 Fabius
863 2355 1028 2398 Pictor:
1071 2360 1283 2397 senatores
1325 2358 1434 2396 enim
1472 2369 1534 2397 co-

295 2421 550 2477 gnoscebant
577 2434 681 2475 quae
710 2422 839 2475 legati
867 2420 1067 2463 afferrent
1095 2421 1237 2476 (legati
1264 2434 1435 2464 munere
1453 2421 1532 2463 sibi
