<?xml version="1.0" encoding="UTF-8"?>
<!DOCTYPE html PUBLIC "-//W3C//DTD XHTML 1.0 Transitional//EN"
    "http://www.w3.org/TR/xhtml1/DTD/xhtml1-transitional.dtd">
<html xmlns="http://www.w3.org/1999/xhtml" xml:lang="en" lang="en">
 <head>
  <title>
</title>
<meta http-equiv="Content-Type" content="text/html;charset=utf-8" />
  <meta name='ocr-system' content='tesseract 3.04.00' />
  <meta name='ocr-capabilities' content='ocr_page ocr_carea ocr_par ocr_line ocrx_word'/>
</head>
<body>
  <div class='ocr_page' id='page_1' title='image "4737923_0086.png"; bbox 0 0 1815 2973; ppageno 0'>
   <div class='ocr_carea' id='block_1_1' title="bbox 293 132 1131 187">
    <p class='ocr_par' dir='ltr' id='par_1_1' title="bbox 293 121 1151 187">
     <span class='ocr_line' id='line_1_1' title="bbox 293 132 1131 187; baseline 0.001 -8"><span class='ocrx_word' id='word_1_1' title='bbox 293 132 379 180; x_wconf 61' lang='lat'><strong>&#39;17⁶</strong></span> <span class='ocrx_word' id='word_1_2' title='bbox 469 155 472 157; x_wconf 93' lang='lat'>·</span> <span class='ocrx_word' id='word_1_3' title='bbox 609 137 1131 187; x_wconf 57' lang='lat' dir='ltr'><strong>&gt;mmmmm</strong></span> 
     </span>
    </p>
   </div>
   <div class='ocr_carea' id='block_1_2' title="bbox 245 200 1592 2438">
    <p class='ocr_par' dir='ltr' id='par_1_2' title="bbox 245 200 1592 2176">
     <span class='ocr_line' id='line_1_2' title="bbox 287 200 1455 283; baseline 0.004 -21"><span class='ocrx_word' id='word_1_4' title='bbox 287 221 468 270; x_wconf 73' lang='lat' dir='ltr'><strong>Livius,</strong></span> <span class='ocrx_word' id='word_1_5' title='bbox 476 228 549 262; x_wconf 73' lang='lat' dir='ltr'><strong>&#39;eas</strong></span> <span class='ocrx_word' id='word_1_6' title='bbox 575 227 803 264; x_wconf 61' lang='lat' dir='ltr'><strong>narrasset</strong></span> <span class='ocrx_word' id='word_1_7' title='bbox 801 229 897 265; x_wconf 76' lang='lat' dir='ltr'><strong>no&#39;n-</strong></span> <span class='ocrx_word' id='word_1_8' title='bbox 899 223 964 264; x_wconf 85' lang='grc' dir='ltr'>ιιι·</span> <span class='ocrx_word' id='word_1_9' title='bbox 956 200 1182 283; x_wconf 53' lang='lat' dir='ltr'><strong>principio</strong></span> <span class='ocrx_word' id='word_1_10' title='bbox 1183 218 1348 272; x_wconf 66' lang='lat' dir='ltr'><strong>tertiae</strong></span> <span class='ocrx_word' id='word_1_11' title='bbox 1353 220 1455 279; x_wconf 65' lang='lat' dir='ltr'><strong>deca</strong></span> 
     </span>
     <span class='ocr_line' id='line_1_3' title="bbox 286 278 1536 355; baseline 0.006 -29"><span class='ocrx_word' id='word_1_12' title='bbox 286 294 434 343; x_wconf 77' lang='lat' dir='ltr'><strong>verum</strong></span> <span class='ocrx_word' id='word_1_13' title='bbox 453 281 731 339; x_wconf 68' lang='lat' dir='ltr'><strong>infpcs&#39;trem&#39;is</strong></span> <span class='ocrx_word' id='word_1_14' title='bbox 749 279 969 330; x_wconf 70' lang='lat' dir='ltr'><strong>secundae</strong></span> <span class='ocrx_word' id='word_1_15' title='bbox 984 278 1296 355; x_wconf 64' lang='lat' dir='ltr'><strong>decadisqibris,</strong></span> <span class='ocrx_word' id='word_1_16' title='bbox 1311 282 1446 344; x_wconf 62' lang='lat' dir='ltr'><strong>quiin»</strong></span> <span class='ocrx_word' id='word_1_17' title='bbox 1458 278 1536 334; x_wconf 70' lang='lat' dir='ltr'><strong>&#39;eae</strong></span> 
     </span>
     <span class='ocr_line' id='line_1_4' title="bbox 286 345 1538 409; baseline 0.004 -17"><span class='ocrx_word' id='word_1_18' title='bbox 286 353 330 393; x_wconf 90' lang='lat' dir='ltr'><strong>in</strong></span> <span class='ocrx_word' id='word_1_19' title='bbox 336 355 501 405; x_wconf 85' lang='lat' dir='ltr'><strong>tempus</strong></span> <span class='ocrx_word' id='word_1_20' title='bbox 519 353 763 395; x_wconf 73' lang='lat' dir='ltr'><strong>incidissent</strong></span> <span class='ocrx_word' id='word_1_21' title='bbox 777 355 884 408; x_wconf 81' lang='lat' dir='ltr'><strong>quod</strong></span> <span class='ocrx_word' id='word_1_22' title='bbox 900 345 1126 397; x_wconf 57' lang='lat' dir='ltr'><strong>&#39;initii-nter</strong></span> <span class='ocrx_word' id='word_1_23' title='bbox 1123 356 1306 409; x_wconf 76' lang='lat' dir='ltr'><strong>primum</strong></span> <span class='ocrx_word' id='word_1_24' title='bbox 1323 359 1390 396; x_wconf 89' lang='lat' dir='ltr'><strong>et</strong></span> <span class='ocrx_word' id='word_1_25' title='bbox 1393 358 1538 397; x_wconf 74' lang='lat' dir='ltr'><strong>s‘ecu‘n-</strong></span> 
     </span>
     <span class='ocr_line' id='line_1_5' title="bbox 288 417 1535 473; baseline 0.005 -17"><span class='ocrx_word' id='word_1_26' title='bbox 288 417 384 457; x_wconf 76' lang='lat' dir='ltr'><strong>dum</strong></span> <span class='ocrx_word' id='word_1_27' title='bbox 402 418 556 458; x_wconf 87' lang='lat' dir='ltr'><strong>bellum</strong></span> <span class='ocrx_word' id='word_1_28' title='bbox 577 419 794 460; x_wconf 82' lang='lat' dir='ltr'><strong>&#39;Punicum</strong></span> <span class='ocrx_word' id='word_1_29' title='bbox 811 419 880 473; x_wconf 86' lang='lat' dir='ltr'><strong>(ab</strong></span> <span class='ocrx_word' id='word_1_30' title='bbox 900 430 1019 461; x_wconf 60' lang='lat' dir='ltr'><strong>&gt;anno</strong></span> <span class='ocrx_word' id='word_1_31' title='bbox 1038 422 1142 462; x_wconf 56' lang='lat' dir='ltr'><strong>Uaec.</strong></span> <span class='ocrx_word' id='word_1_32' title='bbox 1162 420 1332 461; x_wconf 73' lang='lat' dir='ltr'><strong>circiter</strong></span> <span class='ocrx_word' id='word_1_33' title='bbox 1361 417 1535 463; x_wconf 85' lang='lat' dir='ltr'><strong>DX‘VHI</strong></span> 
     </span>
     <span class='ocr_line' id='line_1_6' title="bbox 285 483 1530 540; baseline 0.002 -17"><span class='ocrx_word' id='word_1_34' title='bbox 285 483 488 536; x_wconf 67' lang='lat' dir='ltr'><strong>usquead</strong></span> <span class='ocrx_word' id='word_1_35' title='bbox 499 483 732 540; x_wconf 80' lang='lat' dir='ltr'>DXXXV),</span> <span class='ocrx_word' id='word_1_36' title='bbox 744 487 868 527; x_wconf 86' lang='lat' dir='ltr'><strong>tertia</strong></span> <span class='ocrx_word' id='word_1_37' title='bbox 888 490 1025 539; x_wconf 84' lang='lat' dir='ltr'><strong>autem</strong></span> <span class='ocrx_word' id='word_1_38' title='bbox 1045 485 1167 528; x_wconf 88' lang='lat' dir='ltr'><strong>decas</strong></span> <span class='ocrx_word' id='word_1_39' title='bbox 1187 486 1356 540; x_wconf 79' lang='lat' dir='ltr'><strong>incipiat</strong></span> <span class='ocrx_word' id='word_1_40' title='bbox 1375 499 1399 527; x_wconf 92' lang='lat' dir='ltr'><strong>a</strong></span> <span class='ocrx_word' id='word_1_41' title='bbox 1419 486 1530 527; x_wconf 82' lang='lat' dir='ltr'><strong>bello</strong></span> 
     </span>
     <span class='ocr_line' id='line_1_7' title="bbox 289 549 1536 602; baseline 0.001 -12"><span class='ocrx_word' id='word_1_42' title='bbox 289 551 440 602; x_wconf 86' lang='lat' dir='ltr'><strong>punico</strong></span> <span class='ocrx_word' id='word_1_43' title='bbox 469 551 648 591; x_wconf 89' lang='lat' dir='ltr'><strong>secundo</strong></span> <span class='ocrx_word' id='word_1_44' title='bbox 668 582 677 598; x_wconf 90' lang='lat'><strong>,</strong></span> <span class='ocrx_word' id='word_1_45' title='bbox 700 552 825 592; x_wconf 82' lang='lat' dir='ltr'><strong>—cuius</strong></span> <span class='ocrx_word' id='word_1_46' title='bbox 863 553 1026 593; x_wconf 87' lang='lat' dir='ltr'><strong>initium</strong></span> <span class='ocrx_word' id='word_1_47' title='bbox 1055 553 1137 592; x_wconf 83' lang='lat' dir='ltr'><strong>fuit</strong></span> <span class='ocrx_word' id='word_1_48' title='bbox 1164 565 1272 593; x_wconf 90' lang='lat' dir='ltr'><strong>anno</strong></span> <span class='ocrx_word' id='word_1_49' title='bbox 1300 549 1536 593; x_wconf 80' lang='lat' dir='ltr'><strong>DXXXVI.</strong></span> 
     </span>
     <span class='ocr_line' id='line_1_8' title="bbox 287 616 1592 673; baseline 0.001 -16"><span class='ocrx_word' id='word_1_50' title='bbox 287 616 403 669; x_wconf 83' lang='lat' dir='ltr'><strong>Nego</strong></span> <span class='ocrx_word' id='word_1_51' title='bbox 443 629 545 658; x_wconf 74' lang='lat' dir='ltr'><strong>vero</strong></span> <span class='ocrx_word' id='word_1_52' title='bbox 579 617 739 659; x_wconf 83' lang='lat' dir='ltr'><strong>Livium</strong></span> <span class='ocrx_word' id='word_1_53' title='bbox 769 630 840 659; x_wconf 89' lang='lat' dir='ltr'><strong>eas</strong></span> <span class='ocrx_word' id='word_1_54' title='bbox 868 630 1071 660; x_wconf 86' lang='lat' dir='ltr'><strong>narrasse</strong></span> <span class='ocrx_word' id='word_1_55' title='bbox 1103 619 1148 659; x_wconf 91' lang='lat' dir='ltr'><strong>in</strong></span> <span class='ocrx_word' id='word_1_56' title='bbox 1175 618 1387 673; x_wconf 79' lang='lat' dir='ltr'><strong>postremis</strong></span> <span class='ocrx_word' id='word_1_57' title='bbox 1414 618 1535 659; x_wconf 85' lang='lat' dir='ltr'><strong>libris</strong></span> <span class='ocrx_word' id='word_1_58' title='bbox 1587 660 1592 668; x_wconf 27' lang='lat'>⁸</span> 
     </span>
     <span class='ocr_line' id='line_1_9' title="bbox 289 682 1532 740; baseline 0.001 -17"><span class='ocrx_word' id='word_1_59' title='bbox 289 682 500 723; x_wconf 86' lang='lat' dir='ltr'><strong>secundae</strong></span> <span class='ocrx_word' id='word_1_60' title='bbox 545 683 710 724; x_wconf 87' lang='lat' dir='ltr'><strong>decadis</strong></span> <span class='ocrx_word' id='word_1_61' title='bbox 730 716 739 732; x_wconf 91' lang='lat'><em>,</em></span> <span class='ocrx_word' id='word_1_62' title='bbox 770 696 1017 739; x_wconf 88' lang='lat' dir='ltr'><strong>quamquam</strong></span> <span class='ocrx_word' id='word_1_63' title='bbox 1049 685 1148 726; x_wconf 89' lang='lat' dir='ltr'><strong>libri</strong></span> <span class='ocrx_word' id='word_1_64' title='bbox 1190 686 1265 738; x_wconf 91' lang='lat' dir='ltr'><strong>ipsi</strong></span> <span class='ocrx_word' id='word_1_65' title='bbox 1293 685 1532 740; x_wconf 78' lang='lat' dir='ltr'><strong>perierunt3</strong></span> 
     </span>
     <span class='ocr_line' id='line_1_10' title="bbox 289 742 1537 804; baseline 0.002 -16"><span class='ocrx_word' id='word_1_66' title='bbox 289 761 478 803; x_wconf 83' lang='lat' dir='ltr'><strong>negoque</strong></span> <span class='ocrx_word' id='word_1_67' title='bbox 508 750 640 790; x_wconf 90' lang='lat' dir='ltr'><strong>tribus</strong></span> <span class='ocrx_word' id='word_1_68' title='bbox 668 749 897 791; x_wconf 84' lang='lat' dir='ltr'><strong>decausis:</strong></span> <span class='ocrx_word' id='word_1_69' title='bbox 929 742 1238 804; x_wconf 79' lang='lat' dir='ltr'><strong>primumquod</strong></span> <span class='ocrx_word' id='word_1_70' title='bbox 1258 751 1301 790; x_wconf 93' lang='lat' dir='ltr'><strong>in</strong></span> <span class='ocrx_word' id='word_1_71' title='bbox 1324 750 1537 790; x_wconf 84' lang='lat' dir='ltr'><strong>Periochis</strong></span> 
     </span>
     <span class='ocr_line' id='line_1_11' title="bbox 291 815 1534 870; baseline 0 -15"><span class='ocrx_word' id='word_1_72' title='bbox 291 815 491 856; x_wconf 83' lang='lat' dir='ltr'><strong>librorum</strong></span> <span class='ocrx_word' id='word_1_73' title='bbox 521 815 703 868; x_wconf 88' lang='lat' dir='ltr'><strong>ipsorum</strong></span> <span class='ocrx_word' id='word_1_74' title='bbox 733 816 892 857; x_wconf 91' lang='lat' dir='ltr'><strong>nullum</strong></span> <span class='ocrx_word' id='word_1_75' title='bbox 926 821 989 857; x_wconf 91' lang='lat' dir='ltr'><strong>est</strong></span> <span class='ocrx_word' id='word_1_76' title='bbox 1017 818 1204 865; x_wconf 86' lang='lat' dir='ltr'><strong>verbum,</strong></span> <span class='ocrx_word' id='word_1_77' title='bbox 1237 816 1343 870; x_wconf 89' lang='lat' dir='ltr'><strong>quod</strong></span> <span class='ocrx_word' id='word_1_78' title='bbox 1372 816 1534 868; x_wconf 91' lang='lat' dir='ltr'><strong>quidem</strong></span> 
     </span>
     <span class='ocr_line' id='line_1_12' title="bbox 291 880 1539 933; baseline 0 -13"><span class='ocrx_word' id='word_1_79' title='bbox 291 880 343 920; x_wconf 84' lang='lat' dir='ltr'><strong>ad</strong></span> <span class='ocrx_word' id='word_1_80' title='bbox 371 880 464 920; x_wconf 87' lang='lat' dir='ltr'><strong>illas</strong></span> <span class='ocrx_word' id='word_1_81' title='bbox 509 893 578 921; x_wconf 88' lang='lat' dir='ltr'><strong>res</strong></span> <span class='ocrx_word' id='word_1_82' title='bbox 621 882 849 933; x_wconf 83' lang='lat' dir='ltr'><strong>pertineat;</strong></span> <span class='ocrx_word' id='word_1_83' title='bbox 880 881 1027 922; x_wconf 90' lang='lat' dir='ltr'><strong>deinde</strong></span> <span class='ocrx_word' id='word_1_84' title='bbox 1069 882 1178 933; x_wconf 86' lang='lat' dir='ltr'><strong>quod</strong></span> <span class='ocrx_word' id='word_1_85' title='bbox 1221 882 1411 922; x_wconf 88' lang='lat' dir='ltr'><strong>historici</strong></span> <span class='ocrx_word' id='word_1_86' title='bbox 1454 883 1539 922; x_wconf 91' lang='lat' dir='ltr'><strong>mi-</strong></span> 
     </span>
     <span class='ocr_line' id='line_1_13' title="bbox 292 946 1535 998; baseline 0.001 -12"><span class='ocrx_word' id='word_1_87' title='bbox 292 958 416 986; x_wconf 84' lang='lat' dir='ltr'><strong>nores</strong></span> <span class='ocrx_word' id='word_1_88' title='bbox 448 946 634 994; x_wconf 86' lang='lat' dir='ltr'><strong>Romani,</strong></span> <span class='ocrx_word' id='word_1_89' title='bbox 664 948 734 998; x_wconf 89' lang='lat' dir='ltr'><strong>qui</strong></span> <span class='ocrx_word' id='word_1_90' title='bbox 764 959 816 986; x_wconf 79' lang='lat' dir='ltr'><strong>ex</strong></span> <span class='ocrx_word' id='word_1_91' title='bbox 839 947 951 988; x_wconf 87' lang='lat' dir='ltr'><strong>Livio</strong></span> <span class='ocrx_word' id='word_1_92' title='bbox 973 960 1047 987; x_wconf 90' lang='lat' dir='ltr'><strong>sua</strong></span> <span class='ocrx_word' id='word_1_93' title='bbox 1067 947 1233 995; x_wconf 82' lang='lat' dir='ltr'><strong>habent,</strong></span> <span class='ocrx_word' id='word_1_94' title='bbox 1256 959 1339 987; x_wconf 91' lang='lat' dir='ltr'><strong>non</strong></span> <span class='ocrx_word' id='word_1_95' title='bbox 1365 952 1461 988; x_wconf 87' lang='lat' dir='ltr'><strong>ante</strong></span> <span class='ocrx_word' id='word_1_96' title='bbox 1483 947 1535 987; x_wconf 90' lang='lat' dir='ltr'><strong>ad</strong></span> 
     </span>
     <span class='ocr_line' id='line_1_14' title="bbox 292 1012 1537 1066; baseline 0.002 -15"><span class='ocrx_word' id='word_1_97' title='bbox 292 1025 362 1052; x_wconf 86' lang='lat' dir='ltr'><strong>res</strong></span> <span class='ocrx_word' id='word_1_98' title='bbox 388 1012 610 1064; x_wconf 86' lang='lat' dir='ltr'><strong>Hispaniae</strong></span> <span class='ocrx_word' id='word_1_99' title='bbox 655 1017 891 1064; x_wconf 77' lang='lat' dir='ltr'><strong>transeunt,</strong></span> <span class='ocrx_word' id='word_1_100' title='bbox 925 1026 1048 1066; x_wconf 90' lang='lat' dir='ltr'><strong>quam</strong></span> <span class='ocrx_word' id='word_1_101' title='bbox 1091 1013 1302 1053; x_wconf 89' lang='lat' dir='ltr'><strong>narrando</strong></span> <span class='ocrx_word' id='word_1_102' title='bbox 1341 1025 1537 1066; x_wconf 89' lang='lat' dir='ltr'><strong>pervene-</strong></span> 
     </span>
     <span class='ocr_line' id='line_1_15' title="bbox 291 1078 1533 1131; baseline -0.001 -13"><span class='ocrx_word' id='word_1_103' title='bbox 291 1079 377 1119; x_wconf 87' lang='lat' dir='ltr'><strong>rint</strong></span> <span class='ocrx_word' id='word_1_104' title='bbox 403 1078 455 1119; x_wconf 92' lang='lat' dir='ltr'><strong>ad</strong></span> <span class='ocrx_word' id='word_1_105' title='bbox 483 1090 592 1118; x_wconf 86' lang='lat' dir='ltr'><strong>anno</strong></span> <span class='ocrx_word' id='word_1_106' title='bbox 612 1078 853 1128; x_wconf 89' lang='lat' dir='ltr'>DXXXVI;</span> <span class='ocrx_word' id='word_1_107' title='bbox 877 1081 999 1119; x_wconf 90' lang='lat' dir='ltr'><strong>tertio</strong></span> <span class='ocrx_word' id='word_1_108' title='bbox 1019 1079 1198 1130; x_wconf 89' lang='lat' dir='ltr'><strong>denique</strong></span> <span class='ocrx_word' id='word_1_109' title='bbox 1217 1079 1324 1131; x_wconf 88' lang='lat' dir='ltr'><strong>quod</strong></span> <span class='ocrx_word' id='word_1_110' title='bbox 1345 1091 1417 1118; x_wconf 89' lang='lat' dir='ltr'><strong>eas</strong></span> <span class='ocrx_word' id='word_1_111' title='bbox 1443 1090 1533 1118; x_wconf 92' lang='lat' dir='ltr'><strong>cum</strong></span> 
     </span>
     <span class='ocr_line' id='line_1_16' title="bbox 294 1136 1534 1197; baseline 0 -14"><span class='ocrx_word' id='word_1_112' title='bbox 294 1145 434 1183; x_wconf 85' lang='lat' dir='ltr'><strong>Livius</strong></span> <span class='ocrx_word' id='word_1_113' title='bbox 463 1148 609 1183; x_wconf 88' lang='lat' dir='ltr'><strong>narret</strong></span> <span class='ocrx_word' id='word_1_114' title='bbox 638 1145 681 1182; x_wconf 93' lang='grc' dir='ltr'><strong>ιιι</strong></span> <span class='ocrx_word' id='word_1_115' title='bbox 701 1145 905 1197; x_wconf 88' lang='lat' dir='ltr'><strong>principio</strong></span> <span class='ocrx_word' id='word_1_116' title='bbox 926 1144 1074 1184; x_wconf 89' lang='lat' dir='ltr'><strong>tertiae</strong></span> <span class='ocrx_word' id='word_1_117' title='bbox 1107 1143 1282 1190; x_wconf 89' lang='lat' dir='ltr'><strong>decadis,</strong></span> <span class='ocrx_word' id='word_1_118' title='bbox 1314 1143 1390 1183; x_wconf 91' lang='lat' dir='ltr'><strong>has</strong></span> <span class='ocrx_word' id='word_1_119' title='bbox 1424 1136 1534 1196; x_wconf 89' lang='lat' dir='ltr'><strong>ipsas</strong></span> 
     </span>
     <span class='ocr_line' id='line_1_17' title="bbox 290 1208 1532 1261; baseline 0.001 -13"><span class='ocrx_word' id='word_1_120' title='bbox 290 1221 588 1250; x_wconf 87' lang='lat' dir='ltr'><strong>non-narrasse</strong></span> <span class='ocrx_word' id='word_1_121' title='bbox 607 1208 701 1248; x_wconf 91' lang='lat' dir='ltr'><strong>inde</strong></span> <span class='ocrx_word' id='word_1_122' title='bbox 717 1208 891 1249; x_wconf 87' lang='lat' dir='ltr'><strong>efficitur</strong></span> <span class='ocrx_word' id='word_1_123' title='bbox 913 1210 954 1248; x_wconf 93' lang='lat' dir='ltr'><strong>in</strong></span> <span class='ocrx_word' id='word_1_124' title='bbox 974 1209 1092 1249; x_wconf 91' lang='lat' dir='ltr'><strong>libris</strong></span> <span class='ocrx_word' id='word_1_125' title='bbox 1122 1209 1192 1260; x_wconf 89' lang='lat' dir='ltr'><strong>qui</strong></span> <span class='ocrx_word' id='word_1_126' title='bbox 1216 1208 1532 1261; x_wconf 76' lang='lat' dir='ltr'><strong>praecedebant.</strong></span> 
     </span>
     <span class='ocr_line' id='line_1_18' title="bbox 292 1273 1533 1326; baseline -0.001 -12"><span class='ocrx_word' id='word_1_127' title='bbox 292 1275 386 1314; x_wconf 89' lang='lat' dir='ltr'><strong>Noli</strong></span> <span class='ocrx_word' id='word_1_128' title='bbox 413 1279 549 1314; x_wconf 89' lang='lat' dir='ltr'><strong>autem</strong></span> <span class='ocrx_word' id='word_1_129' title='bbox 579 1273 766 1322; x_wconf 86' lang='lat' dir='ltr'><strong>credere,</strong></span> <span class='ocrx_word' id='word_1_130' title='bbox 790 1273 841 1313; x_wconf 93' lang='lat' dir='ltr'><strong>ad</strong></span> <span class='ocrx_word' id='word_1_131' title='bbox 862 1277 1112 1326; x_wconf 87' lang='lat' dir='ltr'><strong>postremum</strong></span> <span class='ocrx_word' id='word_1_132' title='bbox 1131 1274 1211 1314; x_wconf 92' lang='lat' dir='ltr'><strong>hoc</strong></span> <span class='ocrx_word' id='word_1_133' title='bbox 1239 1273 1346 1325; x_wconf 88' lang='lat' dir='ltr'><strong>quod</strong></span> <span class='ocrx_word' id='word_1_134' title='bbox 1373 1274 1533 1320; x_wconf 85' lang='lat' dir='ltr'><strong>attinet,</strong></span> 
     </span>
     <span class='ocr_line' id='line_1_19' title="bbox 290 1339 1538 1392; baseline -0.002 -12"><span class='ocrx_word' id='word_1_135' title='bbox 290 1340 451 1380; x_wconf 88' lang='lat' dir='ltr'><strong>Livium</strong></span> <span class='ocrx_word' id='word_1_136' title='bbox 469 1352 539 1381; x_wconf 89' lang='lat' dir='ltr'><strong>eas</strong></span> <span class='ocrx_word' id='word_1_137' title='bbox 552 1339 738 1380; x_wconf 89' lang='lat' dir='ltr'><strong>breviter</strong></span> <span class='ocrx_word' id='word_1_138' title='bbox 757 1339 1034 1380; x_wconf 88' lang='lat' dir='ltr'><strong>tantummodo</strong></span> <span class='ocrx_word' id='word_1_139' title='bbox 1054 1340 1298 1392; x_wconf 87' lang='lat' dir='ltr'><strong>repetivisse</strong></span> <span class='ocrx_word' id='word_1_140' title='bbox 1320 1340 1363 1385; x_wconf 88' lang='lat' dir='ltr'><strong>in</strong></span> <span class='ocrx_word' id='word_1_141' title='bbox 1383 1340 1538 1391; x_wconf 90' lang='lat' dir='ltr'><strong>princi-</strong></span> 
     </span>
     <span class='ocr_line' id='line_1_20' title="bbox 291 1393 1538 1458; baseline -0.001 -13"><span class='ocrx_word' id='word_1_142' title='bbox 291 1407 357 1458; x_wconf 91' lang='lat' dir='ltr'><strong>pio</strong></span> <span class='ocrx_word' id='word_1_143' title='bbox 372 1406 518 1445; x_wconf 85' lang='lat' dir='ltr'><strong>tertiae</strong></span> <span class='ocrx_word' id='word_1_144' title='bbox 534 1404 697 1444; x_wconf 87' lang='lat' dir='ltr'><strong>decadis</strong></span> <span class='ocrx_word' id='word_1_145' title='bbox 714 1409 924 1457; x_wconf 84' lang='lat' dir='ltr'><strong>postquam</strong></span> <span class='ocrx_word' id='word_1_146' title='bbox 941 1405 1074 1445; x_wconf 89' lang='lat' dir='ltr'><strong>fusius</strong></span> <span class='ocrx_word' id='word_1_147' title='bbox 1091 1405 1185 1445; x_wconf 91' lang='lat' dir='ltr'><strong>illas</strong></span> <span class='ocrx_word' id='word_1_148' title='bbox 1201 1405 1313 1457; x_wconf 90' lang='lat' dir='ltr'><strong>ipsas</strong></span> <span class='ocrx_word' id='word_1_149' title='bbox 1332 1393 1538 1458; x_wconf 78' lang='lat' dir='ltr'><strong>exposuis-</strong></span> 
     </span>
     <span class='ocr_line' id='line_1_21' title="bbox 291 1470 1538 1522; baseline -0.002 -11"><span class='ocrx_word' id='word_1_150' title='bbox 291 1475 353 1511; x_wconf 83' lang='lat' dir='ltr'><strong>set</strong></span> <span class='ocrx_word' id='word_1_151' title='bbox 371 1472 414 1511; x_wconf 90' lang='lat' dir='ltr'><strong>in</strong></span> <span class='ocrx_word' id='word_1_152' title='bbox 435 1471 614 1510; x_wconf 89' lang='lat' dir='ltr'><strong>secunda</strong></span> <span class='ocrx_word' id='word_1_153' title='bbox 635 1470 803 1510; x_wconf 90' lang='lat' dir='ltr'><strong>decade:</strong></span> <span class='ocrx_word' id='word_1_154' title='bbox 839 1470 1026 1522; x_wconf 88' lang='lat' dir='ltr'><strong>equidem</strong></span> <span class='ocrx_word' id='word_1_155' title='bbox 1044 1470 1225 1510; x_wconf 90' lang='lat' dir='ltr'><strong>concedo</strong></span> <span class='ocrx_word' id='word_1_156' title='bbox 1245 1470 1394 1510; x_wconf 84' lang='lat' dir='ltr'><strong>decere</strong></span> <span class='ocrx_word' id='word_1_157' title='bbox 1414 1470 1538 1510; x_wconf 91' lang='lat' dir='ltr'><strong>histo·</strong></span> 
     </span>
     <span class='ocr_line' id='line_1_22' title="bbox 293 1534 1535 1588; baseline -0.002 -13"><span class='ocrx_word' id='word_1_158' title='bbox 293 1537 438 1583; x_wconf 86' lang='lat' dir='ltr'><strong>ricum,</strong></span> <span class='ocrx_word' id='word_1_159' title='bbox 451 1540 668 1588; x_wconf 88' lang='lat' dir='ltr'><strong>antequam</strong></span> <span class='ocrx_word' id='word_1_160' title='bbox 687 1536 830 1587; x_wconf 90' lang='lat' dir='ltr'><strong>ingens</strong></span> <span class='ocrx_word' id='word_1_161' title='bbox 842 1535 997 1575; x_wconf 89' lang='lat' dir='ltr'><strong>bellum</strong></span> <span class='ocrx_word' id='word_1_162' title='bbox 1009 1535 1245 1574; x_wconf 89' lang='lat' dir='ltr'><strong>describere</strong></span> <span class='ocrx_word' id='word_1_163' title='bbox 1257 1534 1535 1587; x_wconf 83' lang='lat' dir='ltr'><strong>aggrediatur,</strong></span> 
     </span>
     <span class='ocr_line' id='line_1_23' title="bbox 291 1600 1538 1654; baseline -0.002 -14"><span class='ocrx_word' id='word_1_164' title='bbox 291 1601 557 1654; x_wconf 86' lang='lat' dir='ltr'><strong>praemittere</strong></span> <span class='ocrx_word' id='word_1_165' title='bbox 586 1612 691 1651; x_wconf 89' lang='lat' dir='ltr'><strong>quae</strong></span> <span class='ocrx_word' id='word_1_166' title='bbox 720 1613 813 1639; x_wconf 92' lang='lat' dir='ltr'><strong>cum</strong></span> <span class='ocrx_word' id='word_1_167' title='bbox 842 1600 952 1639; x_wconf 92' lang='lat' dir='ltr'><strong>bello</strong></span> <span class='ocrx_word' id='word_1_168' title='bbox 992 1604 1091 1638; x_wconf 87' lang='lat' dir='ltr'><strong>sunt</strong></span> <span class='ocrx_word' id='word_1_169' title='bbox 1125 1601 1358 1644; x_wconf 88' lang='lat' dir='ltr'><strong>coniuncta,</strong></span> <span class='ocrx_word' id='word_1_170' title='bbox 1390 1611 1538 1638; x_wconf 89' lang='lat' dir='ltr'><strong>conce-</strong></span> 
     </span>
     <span class='ocr_line' id='line_1_24' title="bbox 245 1660 1537 1718; baseline -0.001 -12"><span class='ocrx_word' id='word_1_171' title='bbox 245 1675 251 1680; x_wconf 81' lang='lat'><strong><em>‘</em></strong></span> <span class='ocrx_word' id='word_1_172' title='bbox 294 1665 427 1717; x_wconf 87' lang='lat' dir='ltr'><strong>doque</strong></span> <span class='ocrx_word' id='word_1_173' title='bbox 446 1677 513 1705; x_wconf 88' lang='lat' dir='ltr'><strong>res</strong></span> <span class='ocrx_word' id='word_1_174' title='bbox 533 1669 671 1717; x_wconf 87' lang='lat' dir='ltr'><strong>gestas</strong></span> <span class='ocrx_word' id='word_1_175' title='bbox 692 1664 840 1705; x_wconf 88' lang='lat' dir='ltr'><strong>ducum</strong></span> <span class='ocrx_word' id='word_1_176' title='bbox 856 1660 1263 1718; x_wconf 86' lang='lat' dir='ltr'><strong>Carthaginiensium</strong></span> <span class='ocrx_word' id='word_1_177' title='bbox 1280 1665 1321 1703; x_wconf 91' lang='lat' dir='ltr'><strong>in</strong></span> <span class='ocrx_word' id='word_1_178' title='bbox 1337 1664 1537 1716; x_wconf 83' lang='lat' dir='ltr'><strong>Hispania</strong></span> 
     </span>
     <span class='ocr_line' id='line_1_25' title="bbox 293 1729 1535 1782; baseline -0.002 -11"><span class='ocrx_word' id='word_1_179' title='bbox 293 1731 447 1771; x_wconf 87' lang='lat' dir='ltr'><strong>bellum</strong></span> <span class='ocrx_word' id='word_1_180' title='bbox 490 1730 715 1770; x_wconf 89' lang='lat' dir='ltr'><strong>secundum</strong></span> <span class='ocrx_word' id='word_1_181' title='bbox 753 1731 953 1771; x_wconf 90' lang='lat' dir='ltr'><strong>Punicum</strong></span> <span class='ocrx_word' id='word_1_182' title='bbox 988 1729 1288 1782; x_wconf 91' lang='lat' dir='ltr'><strong>quodammodo</strong></span> <span class='ocrx_word' id='word_1_183' title='bbox 1317 1731 1535 1782; x_wconf 88' lang='lat' dir='ltr'><strong>peperisse,</strong></span> 
     </span>
     <span class='ocr_line' id='line_1_26' title="bbox 292 1794 1539 1848; baseline 0 -13"><span class='ocrx_word' id='word_1_184' title='bbox 292 1806 442 1848; x_wconf 85' lang='lat' dir='ltr'><strong>easque</strong></span> <span class='ocrx_word' id='word_1_185' title='bbox 461 1795 692 1835; x_wconf 80' lang='lat' dir='ltr'><strong>summatim</strong></span> <span class='ocrx_word' id='word_1_186' title='bbox 712 1798 1033 1835; x_wconf 88' lang='lat' dir='ltr'><strong>memoraturum</strong></span> <span class='ocrx_word' id='word_1_187' title='bbox 1053 1794 1185 1835; x_wconf 83' lang='lat' dir='ltr'><strong>fuisse</strong></span> <span class='ocrx_word' id='word_1_188' title='bbox 1203 1794 1362 1835; x_wconf 82' lang='lat' dir='ltr'><strong>Livium</strong></span> <span class='ocrx_word' id='word_1_189' title='bbox 1379 1794 1539 1836; x_wconf 81' lang='lat' dir='ltr'><strong>etiamsi</strong></span> 
     </span>
     <span class='ocr_line' id='line_1_27' title="bbox 293 1860 1539 1913; baseline -0.002 -12"><span class='ocrx_word' id='word_1_190' title='bbox 293 1867 418 1901; x_wconf 86' lang='lat' dir='ltr'><strong>antea</strong></span> <span class='ocrx_word' id='word_1_191' title='bbox 436 1861 495 1900; x_wconf 73' lang='lat' dir='ltr'><strong>‘de</strong></span> <span class='ocrx_word' id='word_1_192' title='bbox 524 1862 572 1900; x_wconf 90' lang='lat' dir='ltr'><strong>iis</strong></span> <span class='ocrx_word' id='word_1_193' title='bbox 615 1861 776 1912; x_wconf 86' lang='lat' dir='ltr'><strong>plenius</strong></span> <span class='ocrx_word' id='word_1_194' title='bbox 818 1862 996 1912; x_wconf 54' lang='lat' dir='ltr'><strong>egissem</strong></span> <span class='ocrx_word' id='word_1_195' title='bbox 1029 1860 1100 1900; x_wconf 91' lang='lat' dir='ltr'><strong>sed</strong></span> <span class='ocrx_word' id='word_1_196' title='bbox 1141 1872 1253 1913; x_wconf 86' lang='lat' dir='ltr'><strong>nego</strong></span> <span class='ocrx_word' id='word_1_197' title='bbox 1282 1861 1442 1900; x_wconf 89' lang='lat' dir='ltr'><strong>Livium</strong></span> <span class='ocrx_word' id='word_1_198' title='bbox 1470 1861 1539 1899; x_wconf 84' lang='lat' dir='ltr'><strong>hic</strong></span> 
     </span>
     <span class='ocr_line' id='line_1_28' title="bbox 293 1925 1539 1978; baseline -0.001 -12"><span class='ocrx_word' id='word_1_199' title='bbox 293 1938 386 1966; x_wconf 88' lang='lat' dir='ltr'><strong>esse</strong></span> <span class='ocrx_word' id='word_1_200' title='bbox 428 1926 660 1966; x_wconf 89' lang='lat' dir='ltr'><strong>summatim</strong></span> <span class='ocrx_word' id='word_1_201' title='bbox 705 1926 964 1978; x_wconf 83' lang='lat' dir='ltr'><strong>complexum</strong></span> <span class='ocrx_word' id='word_1_202' title='bbox 1002 1925 1209 1978; x_wconf 85' lang='lat' dir='ltr'><strong>descripta</strong></span> <span class='ocrx_word' id='word_1_203' title='bbox 1238 1937 1261 1965; x_wconf 92' lang='lat' dir='ltr'><strong>a</strong></span> <span class='ocrx_word' id='word_1_204' title='bbox 1291 1939 1334 1966; x_wconf 87' lang='lat' dir='ltr'><strong>se</strong></span> <span class='ocrx_word' id='word_1_205' title='bbox 1369 1925 1539 1966; x_wconf 87' lang='lat' dir='ltr'><strong>uberius</strong></span> 
     </span>
     <span class='ocr_line' id='line_1_29' title="bbox 292 1989 1540 2042; baseline -0.002 -11"><span class='ocrx_word' id='word_1_206' title='bbox 292 1995 424 2038; x_wconf 82' lang='lat' dir='ltr'><strong>antea,</strong></span> <span class='ocrx_word' id='word_1_207' title='bbox 455 2004 580 2042; x_wconf 90' lang='lat' dir='ltr'><strong>quum</strong></span> <span class='ocrx_word' id='word_1_208' title='bbox 605 1991 713 2031; x_wconf 88' lang='lat' dir='ltr'><strong>bella</strong></span> <span class='ocrx_word' id='word_1_209' title='bbox 746 1991 996 2031; x_wconf 90' lang='lat' dir='ltr'><strong>Hannibalis</strong></span> <span class='ocrx_word' id='word_1_210' title='bbox 1031 1995 1174 2030; x_wconf 86' lang='lat' dir='ltr'><strong>contra</strong></span> <span class='ocrx_word' id='word_1_211' title='bbox 1208 1989 1395 2041; x_wconf 80' lang='lat' dir='ltr'><strong>Olcades,</strong></span> <span class='ocrx_word' id='word_1_212' title='bbox 1431 1990 1540 2030; x_wconf 90' lang='lat' dir='ltr'><strong>V-ac-</strong></span> 
     </span>
     <span class='ocr_line' id='line_1_30' title="bbox 292 2054 1538 2108; baseline -0.002 -10"><span class='ocrx_word' id='word_1_213' title='bbox 292 2067 412 2098; x_wconf 86' lang='lat' dir='ltr'><strong>caeos</strong></span> <span class='ocrx_word' id='word_1_214' title='bbox 440 2061 481 2096; x_wconf 83' lang='lat' dir='ltr'><strong>et</strong></span> <span class='ocrx_word' id='word_1_215' title='bbox 507 2055 774 2108; x_wconf 86' lang='lat' dir='ltr'><strong>Carpetanos,</strong></span> <span class='ocrx_word' id='word_1_216' title='bbox 809 2056 951 2095; x_wconf 83' lang='lat' dir='ltr'><strong>Livius</strong></span> <span class='ocrx_word' id='word_1_217' title='bbox 971 2054 1071 2102; x_wconf 83' lang='lat'><strong>21,5</strong></span> <span class='ocrx_word' id='word_1_218' title='bbox 1093 2067 1176 2096; x_wconf 90' lang='lat' dir='ltr'><strong>non</strong></span> <span class='ocrx_word' id='word_1_219' title='bbox 1205 2056 1438 2096; x_wconf 88' lang='lat' dir='ltr'><strong>summatim</strong></span> <span class='ocrx_word' id='word_1_220' title='bbox 1477 2060 1538 2096; x_wconf 89' lang='lat' dir='ltr'><strong>at-</strong></span> 
     </span>
     <span class='ocr_line' id='line_1_31' title="bbox 292 2121 1182 2176; baseline -0.001 -14"><span class='ocrx_word' id='word_1_221' title='bbox 292 2124 424 2176; x_wconf 74' lang='lat' dir='ltr'><strong>tingat</strong></span> <span class='ocrx_word' id='word_1_222' title='bbox 451 2122 521 2162; x_wconf 90' lang='lat' dir='ltr'><strong>sed</strong></span> <span class='ocrx_word' id='word_1_223' title='bbox 551 2121 865 2174; x_wconf 88' lang='lat' dir='ltr'><strong>diligentissime</strong></span> <span class='ocrx_word' id='word_1_224' title='bbox 894 2124 1182 2173; x_wconf 85' lang='lat' dir='ltr'><strong>persequatur.</strong></span> 
     </span>
    </p>

    <p class='ocr_par' dir='ltr' id='par_1_3' title="bbox 292 2187 1539 2438">
     <span class='ocr_line' id='line_1_32' title="bbox 349 2187 1537 2240; baseline -0.003 -9"><span class='ocrx_word' id='word_1_225' title='bbox 349 2190 507 2238; x_wconf 86' lang='lat' dir='ltr'><strong>Quibus</strong></span> <span class='ocrx_word' id='word_1_226' title='bbox 537 2188 726 2230; x_wconf 87' lang='lat' dir='ltr'><strong>omnibus</strong></span> <span class='ocrx_word' id='word_1_227' title='bbox 764 2187 979 2240; x_wconf 88' lang='lat' dir='ltr'><strong>disputatis</strong></span> <span class='ocrx_word' id='word_1_228' title='bbox 1019 2187 1152 2229; x_wconf 91' lang='lat' dir='ltr'><strong>iudico</strong></span> <span class='ocrx_word' id='word_1_229' title='bbox 1190 2191 1231 2228; x_wconf 89' lang='lat' dir='ltr'><strong>et</strong></span> <span class='ocrx_word' id='word_1_230' title='bbox 1268 2191 1403 2230; x_wconf 75' lang='lat' dir='ltr'><strong>statuo</strong></span> <span class='ocrx_word' id='word_1_231' title='bbox 1441 2188 1537 2229; x_wconf 89' lang='lat' dir='ltr'><strong>illas</strong></span> 
     </span>
     <span class='ocr_line' id='line_1_33' title="bbox 293 2253 1539 2307; baseline -0.002 -11"><span class='ocrx_word' id='word_1_232' title='bbox 293 2256 556 2307; x_wconf 84' lang='lat' dir='ltr'><strong>reliquasque</strong></span> <span class='ocrx_word' id='word_1_233' title='bbox 599 2265 741 2295; x_wconf 82' lang='lat' dir='ltr'><strong>omnes</strong></span> <span class='ocrx_word' id='word_1_234' title='bbox 789 2253 1012 2305; x_wconf 89' lang='lat' dir='ltr'><strong>Hispaniae</strong></span> <span class='ocrx_word' id='word_1_235' title='bbox 1057 2265 1124 2293; x_wconf 90' lang='lat' dir='ltr'><strong>res</strong></span> <span class='ocrx_word' id='word_1_236' title='bbox 1169 2255 1212 2293; x_wconf 90' lang='lat' dir='ltr'><strong>in</strong></span> <span class='ocrx_word' id='word_1_237' title='bbox 1257 2253 1439 2293; x_wconf 86' lang='lat' dir='ltr'><strong>secunda</strong></span> <span class='ocrx_word' id='word_1_238' title='bbox 1468 2253 1539 2293; x_wconf 61' lang='lat' dir='ltr'><strong>de-⁴</strong></span> 
     </span>
     <span class='ocr_line' id='line_1_34' title="bbox 292 2318 1538 2366; baseline -0.002 -5"><span class='ocrx_word' id='word_1_239' title='bbox 292 2319 392 2362; x_wconf 89' lang='lat' dir='ltr'><strong>cade</strong></span> <span class='ocrx_word' id='word_1_240' title='bbox 420 2320 606 2360; x_wconf 50' lang='lat' dir='ltr'><strong>omisis-se</strong></span> <span class='ocrx_word' id='word_1_241' title='bbox 635 2320 812 2366; x_wconf 89' lang='lat' dir='ltr'><strong>Livium,</strong></span> <span class='ocrx_word' id='word_1_242' title='bbox 843 2319 939 2358; x_wconf 86' lang='lat' dir='ltr'><strong>item</strong></span> <span class='ocrx_word' id='word_1_243' title='bbox 971 2318 1156 2359; x_wconf 91' lang='lat' dir='ltr'><strong>omisisse</strong></span> <span class='ocrx_word' id='word_1_244' title='bbox 1186 2318 1410 2359; x_wconf 90' lang='lat' dir='ltr'><strong>Annalium</strong></span> <span class='ocrx_word' id='word_1_245' title='bbox 1439 2322 1538 2359; x_wconf 86' lang='lat' dir='ltr'><strong>ante</strong></span> 
     </span>
     <span class='ocr_line' id='line_1_35' title="bbox 294 2383 1535 2438; baseline -0.004 -10"><span class='ocrx_word' id='word_1_246' title='bbox 294 2398 388 2429; x_wconf 84' lang='lat' dir='ltr'><strong>eum</strong></span> <span class='ocrx_word' id='word_1_247' title='bbox 416 2387 648 2438; x_wconf 84' lang='lat' dir='ltr'><strong>scriptores,</strong></span> <span class='ocrx_word' id='word_1_248' title='bbox 679 2385 838 2426; x_wconf 88' lang='lat' dir='ltr'><strong>scilicet</strong></span> <span class='ocrx_word' id='word_1_249' title='bbox 868 2385 964 2435; x_wconf 89' lang='lat' dir='ltr'><strong>quia</strong></span> <span class='ocrx_word' id='word_1_250' title='bbox 994 2384 1036 2423; x_wconf 91' lang='lat' dir='ltr'><strong>in</strong></span> <span class='ocrx_word' id='word_1_251' title='bbox 1066 2383 1300 2425; x_wconf 91' lang='lat' dir='ltr'><strong>Annalibus</strong></span> <span class='ocrx_word' id='word_1_252' title='bbox 1343 2384 1535 2424; x_wconf 87' lang='lat' dir='ltr'><strong>Maximis</strong></span> 
     </span>
    </p>
   </div>
   <div class='ocr_carea' id='block_1_3' title="bbox 1614 0 1815 2973">
    <p class='ocr_par' dir='ltr' id='par_1_4' title="bbox 1614 0 1815 2973">
     <span class='ocr_line' id='line_1_36' title="bbox 1614 0 1815 2973; baseline 0 0"><span class='ocrx_word' id='word_1_253' title='bbox 1614 0 1815 2973; x_wconf 95' lang='lat' dir='ltr'><strong> </strong></span> 
     </span>
    </p>
   </div>
  </div>
 </body>
</html>
