1815 2973
593 471 685 522 AD
724 470 1096 523 CATULLUM
1131 464 1203 531 66,
1224 478 1277 529 59

763 885 985 927 CAPUT
1025 885 1113 926 IV.

351 1155 411 1194 ·In
440 1154 648 1206 codicibus
677 1158 814 1195 extat:

387 1276 406 1297 ‹
434 1263 490 1299 Hi
516 1263 572 1300 dii
597 1273 669 1300 ven
693 1263 749 1299 ibi
771 1262 880 1300 vario
905 1274 952 1299 ne
977 1262 1097 1299 solum
1123 1262 1159 1298 in
1185 1262 1322 1298 lumine
1347 1261 1452 1298 caeli.
1479 1274 1505 1296 ›-

364 1367 413 1407 In
442 1365 654 1407 nonnullis
683 1369 818 1407 autem
847 1366 909 1407 Ni
936 1378 1011 1419 pro
1039 1365 1098 1406 hi.
1118 1365 1166 1406 In
1185 1365 1346 1422 Datanyo
1365 1378 1439 1418 pro
1468 1377 1552 1407 ven

308 1434 371 1472 est
399 1442 576 1472 vacuum
606 1431 795 1484 spatium.
1511 1434 1513 1436 '

361 1496 506 1539 Critici
534 1500 672 1537 autem
699 1508 806 1549 quae
834 1498 1103 1537 coniecerunt
1130 1501 1227 1538 sunt
1254 1497 1379 1538 haec:

359 1562 532 1603 Statius:
565 1561 705 1602 lumin
732 1563 812 1610 uti,
844 1565 924 1604 etc.
954 1562 1151 1603 Vossius:
1183 1561 1342 1604 Sidere
1368 1563 1457 1604 ubi.
1493 1563 1545 1604 G.

304 1628 590 1668 Hermannus:
639 1626 813 1669 Siderei
857 1631 931 1668 ut.
960 1627 1205 1680 Hauptius:
1265 1628 1425 1668 arduei
1469 1628 1549 1668 ibi.

302 1691 618 1734 Froehlichius:
650 1692 735 1733 Hic
763 1692 932 1734 etenim.
977 1691 1179 1745 Heysius:
1225 1693 1426 1734 Indidem
1464 1691 1545 1734 ibi.

302 1757 566 1798 Pleitnerus:
611 1757 716 1799 Inde
757 1757 860 1798 sibi.
891 1757 1114 1809 Peiperus:
1145 1758 1310 1799 Immen
1339 1757 1419 1798 ibi.
1458 1758 1550 1801 Rit-

284 1822 502 1868 ,scheliusz
532 1823 703 1864 Numen
730 1821 820 1863 ibi:
840 1823 1070 1874 Coningto:
1102 1822 1277 1863 Advena
1315 1822 1395 1864 ibi.
1433 1823 1539 1863 Beh·

301 1887 484 1927 rensius:
516 1887 603 1927 Hic
629 1888 760 1928 nivei.
791 1886 980 1926 Ellisius:
1010 1885 1096 1925 Hic
1123 1887 1269 1927 iuveni
1293 1888 1498 1927 Ismario.

352 1950 503 1992 Locum
546 1951 805 2004 desperatum
847 1954 968 1991 vocat
1010 1951 1055 1991 in
1085 1950 1182 1992 edit.
1224 1964 1298 1992 sua
1328 1952 1378 1992 L.
1409 1948 1545 1993 M'uel-

299 2017 424 2064 lerus,
454 2017 524 2069 qui
554 2016 711 2056 nullam
738 2017 817 2056 hac
859 2015 909 2055 de
951 2028 1076 2056 causa
1115 2017 1320 2068 excogitat
1348 2016 1545 2059 emenda-

298 2081 470 2122 tionem.

351 2151 538 2200 Πλόκαμον
570 2146 776 2189 Catullum
798 2158 851 2187 ex
869 2159 1021 2200 graeco
1038 2147 1281 2190 Callimachi
1302 2160 1542 2202 expressum

298 2212 453 2252 Latinis
496 2224 681 2253 sacrasse
709 2211 839 2253 Musis
876 2216 1025 2270 rogatu
1068 2212 1114 2258 Q.
1144 2212 1345 2253 Hortensi
1381 2212 1544 2253 Hortali

297 2279 492 2326 oratoris,
522 2291 592 2319 res
612 2282 675 2318 est
693 2277 951 2331 pervulgata.
981 2277 1146 2331 (Catull.
1176 2276 1298 2326 65,15
1326 2277 1455 2331 seqq),

351 2342 613 2396 Exemplaris
644 2346 782 2383 autem
811 2340 959 2383 Graeci
989 2341 1068 2383 duo
1098 2341 1377 2383 tantummodo
1401 2353 1548 2396 supcr-
