1815 2973
351 229 397 265 72
626 226 672 265 n'u
694 238 865 280 romnus
881 217 956 266 ’τιτι
975 230 1130 273 unm,
1145 226 1229 267 1·20
1273 241 1295 253 0

307 304 478 348 bornius
507 288 837 350 Hasdrubalem
839 299 982 350 vocari
1009 307 1117 362 apud
1139 301 1305 354 Livium
1329 306 1544 362 mahom
1556 309 1580 344 s
1610 342 1615 345 .

307 371 557 414 Hamilcaris
588 372 693 428 (Liv.
725 364 839 422 XXI,
856 373 894 422 2,
903 372 961 429 4),
1003 374 1149 427 quum
1164 372 1370 414 Diodorus
1401 370 1541 417 tradat
1614 362 1628 371 ’

306 437 609 480 Hasdrubalem
649 451 822 480 uxorem
860 439 987 480 filiam
1016 441 1127 493 regis
1169 438 1315 480 Hiberi
1355 438 1539 481 duxIsse.

304 503 513 557 Siquidem
539 506 680 558 paucis
708 509 805 546 ante
832 506 972 545 verbis
1001 505 1199 546 Diodorus
1238 506 1324 558 ipse
1353 517 1436 545 non
1467 505 1542 545 mi-

306 581 386 610 nus
414 582 536 624 quam
566 570 706 611 Livius
730 573 882 625 γαμβρόν
903 569 1147 611 Hamilcaris
1161 570 1342 623 appellat
1357 569 1542 611 Hasdru-

304 635 455 675 balem.
487 634 592 681 Quid
619 639 681 676 est
709 636 836 688 igitur
864 635 1156 676 statuendum?
1174 635 1289 675 Istud
1317 636 1361 676 ni
1389 634 1538 676 fallor:

304 700 606 741 Hasdrubalem
635 701 736 742 duas
763 702 972 741 minimum
1000 713 1155 742 uxores
1184 691 1362 749 durisse,
1392 701 1481 741 sive
1501 700 1540 741 id

305 765 407 807 fecit
434 767 572 819 priore
606 766 688 807 iam
731 771 905 816 mortua,
953 766 1040 808 sive
1083 766 1207 807 etiam
1236 766 1373 819 priore
1401 766 1542 807 etiam-

305 836 393 873 tum
420 829 532 875 v'iva.

413 897 549 940 XVII.
580 899 828 950 Negavimus
849 899 1014 939 Livium
1043 910 1067 938 a
1086 897 1283 950 Polybio,
1300 898 1540 951 negavimus

304 967 523 1016 utrumque
543 963 596 1003 ab
619 964 762 1003 iisdem
791 963 1025 1004 auctoribus
1045 967 1273 1003 mutuatum
1292 975 1365 1003 sua
1392 962 1533 1003 fuisse.

305 1028 527 1074 Quaeritur
546 1027 655 1067 unde
671 1028 846 1081 vestigia
866 1028 939 1067 illa
962 1027 1049 1067 Pol.
1072 1027 1178 1080 apud
1196 1027 1280 1067 Liv.
1297 1027 1468 1075 21,1-20
1481 1039 1543 1067 re·

303 1106 405 1135 vera
419 1095 502 1134 sint
516 1093 751 1146 repetenda.
763 1094 811 1133 In
827 1105 1069 1146 unaquaque
1084 1092 1132 1134 de
1145 1093 1327 1134 fontibus
1339 1093 1542 1135 Romano-
1570 1097 1577 1102 ’
1604 1090 1617 1148 J

302 1171 396 1209 rum
414 1159 703 1199 historicorum
732 1160 969 1211 quaestione
998 1170 1021 1197 a
1041 1158 1244 1211 singulari
1265 1158 1439 1210 quodam
1458 1159 1540 1198 Ro-

302 1236 519 1265 manorum
540 1225 724 1265 instituto
744 1225 907 1265 initium
928 1223 1160 1264 faciendum
1183 1229 1303 1277 puto,
1334 1236 1359 1264 a
1387 1236 1466 1277 quo
1494 1225 1537 1264 in

302 1289 534 1331 huiusmodi
578 1290 916 1341 disputationibus
959 1301 1077 1330 nemo
1124 1293 1321 1342 quantum
1368 1290 1536 1329 memini

303 1351 420 1396 orsus
451 1359 526 1397 est.
558 1355 807 1395 Ordiendum
837 1356 1030 1394 nimirum
1059 1368 1083 1395 a
1111 1356 1288 1407 pristino
1308 1356 1538 1408 antiquissi-

302 1434 448 1473 moque
491 1421 604 1461 fonte
648 1433 788 1461 rerum
832 1421 1113 1461 Romanarum
1142 1422 1340 1473 omnium,
1371 1421 1422 1460 ab
1464 1421 1538 1461 illo
1603 1475 1608 1483 Ι

301 1487 459 1528 scilicet
489 1487 674 1527 instituto
703 1486 810 1540 quod
840 1498 986 1526 novam
1032 1485 1283 1538 eandemque
1313 1487 1537 1526 solemnem

301 1552 498 1593 historiae
527 1551 851 1593 conscribendae
881 1552 1080 1592 rationem
1101 1551 1208 1604 apud
1237 1552 1445 1592 Romanos
1465 1565 1534 1605 pe-

299 1619 432 1670 perit;
466 1620 523 1657 ita
552 1619 660 1658 enim
690 1630 804 1668 nova<
826 1618 992 1657 omnino
1013 1618 1086 1657 lux
1116 1617 1190 1657 toti
1220 1621 1385 1657 nostrae
1415 1629 1538 1670 quae-

299 1683 425 1725 stioni
453 1683 743 1732 admovebitur.

353 1749 536 1800 Namque
578 1749 686 1801 apud
728 1750 917 1800 antiquos
961 1749 1166 1788 Romanos
1209 1753 1300 1788 erat
1341 1749 1384 1788 in
1413 1748 1535 1790 officii

298 1818 416 1867 parte
444 1813 659 1854 Pontificis
687 1813 856 1853 Maximi
887 1826 955 1854 res
973 1814 1187 1854 universas
1216 1813 1324 1853 domi
1351 1813 1534 1867 forisque

299 1882 413 1918 terra
442 1879 644 1931 marisque
686 1883 837 1931 gestas,
881 1890 987 1932 quae
1028 1878 1189 1930 quidem
1218 1878 1366 1931 dignae
1396 1883 1535 1919 essent

299 1948 538 1992 memoratu,
569 1957 643 1997 per
674 1944 858 1997 singulos
887 1944 973 1984 dies
1003 1946 1046 1984 in
1069 1945 1208 1985 tabula
1228 1944 1416 1985 dealbata
1436 1957 1535 1996 quo-

297 2011 437 2050 tannis
465 2013 622 2056 notare,
652 2021 772 2062 quam
800 2009 980 2049 tabulam
1012 2009 1118 2049 domi
1147 2009 1347 2049 Pontifex
1374 2021 1534 2063 propo-

298 2075 433 2122 nebat,
464 2078 642 2127 potestas
671 2078 717 2114 ut
747 2078 849 2115 esset
868 2075 1015 2127 populo
1036 2074 1326 2126 cognoscendi.
1348 2074 1426 2120 Qui
1444 2088 1531 2116 mos

299 2152 428 2193 usque
455 2139 507 2180 ad
536 2141 585 2180 P.
617 2140 794 2180 Mucium
818 2139 1065 2179 Pontificem
1094 2139 1315 2178 Maximum
1344 2129 1533 2193 perman-

299 2206 363 2253 sit,
396 2218 477 2258 quo
507 2194 692 2257 tempore
735 2205 1015 2245 commentarii
1057 2204 1125 2244 isti
1154 2206 1311 2252 annui,
1341 2206 1386 2245 in
1422 2210 1532 2247 octo-

295 2270 410 2322 ginta
437 2270 564 2310 libros
591 2269 751 2322 digesti,
780 2269 961 2310 Annales
990 2268 1181 2310 Maximi
1207 2270 1377 2311 fuerunt
1403 2271 1533 2311 nomi-

295 2336 382 2376 nati
401 2335 551 2385 (Cicer,
573 2336 627 2376 de
646 2339 754 2376 orat.
774 2335 949 2383 2,12,52.
971 2335 1137 2376 Servius
1162 2337 1222 2376 ad
1239 2337 1340 2377 Aen.
1374 2335 1526 2390 1‚377).

295 2400 381 2441 Res
409 2404 552 2441 notatu
581 2404 692 2441 certe
722 2401 982 2453 dignissima:
1023 2413 1146 2453 quum
1176 2401 1286 2441 enim
1314 2413 1388 2453 per
1415 2401 1530 2453 quin-

295 2478 375 2520 que
402 2467 568 2509 saecula
596 2471 686 2520 post
704 2468 751 2508 U.
768 2480 804 2508 c.
822 2467 1042 2509 historicus
1057 2467 1200 2509 nullus
1214 2467 1370 2509 Romae
1385 2478 1529 2521 prove-
