1815 2973
332 141 372 195 le
523 140 526 142 .
691 167 737 193 An
760 167 944 195 camma
964 132 1134 200 &iz-121¹
1187 152 1189 155 ⁴
1236 138 1239 140 ¹
1304 205 1308 210 .
1429 203 1432 205 Β
1496 209 1499 211 ⁴
1537 210 1542 219 ⁴

277 239 440 280 tissimi.
483 239 608 279 Prior
649 238 759 278 enim
801 249 854 278 ne
883 248 1042 296 *versus
1084 224 1249 290 quidem
1297 238 1372 280 est.
1422 218 1554 294 Siressss'

279 304 391 345 enim
419 304 562 358 legas:
1516 309 1519 311 ’
1540 301 1552 311 ’·

453 404 471 423 «
500 389 595 427 Nam
620 390 659 425 in
684 389 756 425 ista
780 389 988 435 praevalet,
1012 388 1103 425 nihil
1127 393 1262 426 tacere.
1292 402 1310 422 »

280 483 369 524 sive
398 483 534 536 legas:

453 595 471 616 «
500 580 594 619 Nam
618 581 655 617 in
681 580 751 618 ista
775 579 980 628 praevalet,
1005 579 1099 617 nihil
1125 584 1261 618 tacere.
1290 592 1309 613 »

280 676 441 715 nullum
470 676 623 714 iustum
659 673 810 713 efficies
839 673 1239 725 hendecasyllabum,
1284 673 1398 712 cuius
1441 673 1520 712 hoc

279 744 371 781 erat
398 740 564 780 schema
587 740 619 778 ¹-
643 765 661 775 2
693 737 726 779 L
749 765 767 775 ν
782 764 800 775 0
826 740 858 779 '-
882 766 899 775 ..
936 739 968 778 L
992 766 1010 775 ν
1041 736 1074 778 L
1097 764 1137 785 ν,
1163 741 1252 791 post
1270 738 1388 777 basin
1406 748 1521 777 nam-

283 817 362 857 que
390 805 574 851 habebis,
604 815 678 855 pro
699 804 860 854 dactylo
877 807 917 843 et
932 804 1117 856 sequenti
1138 802 1344 848 trochaeo,
1363 801 1519 854 amphi-

277 869 477 909 brachum
507 873 546 909 et
575 867 814 908 trochaeum
844 873 888 909 ta
907 869 1133 920 praevalet
1159 868 1221 907 ni.
1255 868 1436 908 Versum
1466 866 1520 907 12

278 935 463 986 corrupit
478 934 603 985 igitur
621 933 796 985 quidam,
814 933 940 984 quiin
959 932 1238 972 describendis
1259 932 1410 972 Catulli
1427 944 1518 972 car-

277 999 456 1038 minibus
484 999 563 1038 hoc
592 1009 716 1037 unum
745 998 880 1037 tenuit
908 1000 953 1036 ut
972 997 1160 1036 undecim
1181 997 1367 1049 syllabae
1383 995 1519 1036 effice-

276 1067 437 1112 rentur,
452 1067 503 1110 et,
521 1063 616 1104 dum
636 1063 763 1102 iustus
784 1074 983 1102 numerus
1000 1062 1257 1114 syllabarum
1271 1063 1314 1102 in
1329 1065 1517 1115 promptu

276 1134 400 1176 esset,
433 1141 481 1169 ea
509 1130 744 1181 posthabuit
772 1141 877 1180 quae
906 1130 1012 1168 ratio
1041 1130 1162 1168 metri
1190 1129 1441 1180 requirebat.

329 1195 418 1247 Ego
447 1186 595 1234 novam
624 1195 913 1241 coniecturam,
945 1192 1072 1233 affero
1100 1193 1153 1233 ad
1176 1194 1303 1234 v.12.
1327 1198 1367 1234 et
1387 1194 1517 1233 13.1n

278 1259 329 1298 14
355 1259 612 1300 Lachmanni
641 1271 790 1310 sequor
804 1259 1093 1306 coniecturam,
1110 1271 1231 1310 quam
1255 1248 1427 1305 vocant,
1449 1258 1516 1298 vel

276 1325 410 1376 potius
439 1325 652 1374 Doeringii
681 1324 978 1369 coniecturam,
1010 1336 1131 1374 quam
1159 1324 1313 1375 rectius
1334 1323 1517 1375 appella-

279 1402 429 1438 remus,
461 1394 506 1429 ut
534 1401 630 1429 mox
658 1389 880 1429 ostendam.
912 1388 989 1430 Sed
1017 1389 1282 1441 inspiciamus
1312 1400 1421 1428 nunc
1440 1391 1516 1428 cri-

277 1456 452 1495 ticorum
482 1458 726 1494 commenta.

384 1519 434 1560 11.
467 1519 552 1559 Vix
581 1518 768 1569 intelligo
784 1518 880 1571 quid
902 1518 979 1557 sibi
994 1519 1174 1558 voluerit
1195 1518 1382 1570 Scaliger
1403 1530 1511 1565 cum,

277 1587 455 1624 exeunte
491 1584 622 1622 ferme
663 1583 826 1622 saeculo
864 1583 964 1622 XVI
994 1586 1083 1633 post
1117 1582 1324 1621 Christum
1354 1586 1512 1628 natum,

276 1660 424 1689 versus
453 1648 511 1688 sic
540 1646 697 1687 ederet:

474 1748 491 1768 «
519 1734 630 1779 Nam,
658 1733 696 1769 ni
722 1737 863 1781 stupra,
889 1732 991 1769 valet
1015 1732 1108 1769 nihil
1134 1737 1269 1770 tacere.

521 1793 617 1830 Cur?
643 1805 714 1828 non
739 1797 815 1828 tam
841 1793 959 1828 latera
985 1792 1156 1829 exfututa
1181 1795 1345 1839 pandant

521 1853 601 1888 Nec
625 1855 666 1888 tu
692 1852 778 1897 quid
803 1851 917 1888 facias
942 1852 1174 1898 ineptiarum.
1202 1865 1220 1885 »

332 1946 455 1985 Circa
484 1944 590 1982 idem
620 1948 777 1994 tempus
806 1944 943 1982 Dousa
971 1942 1092 1990 filius,
1123 1942 1267 1983 ordine
1293 1944 1514 1984 verborum

275 2010 450 2050 duorum
479 2009 657 2054 inverso,
687 2009 746 2047 sic
774 2008 959 2059 scripsit:

476 2118 495 2140 «
523 2103 620 2142 Nam
645 2103 701 2140 nil
725 2104 918 2152 praevalet
941 2103 1022 2147 ista,
1047 2104 1100 2141 nil
1127 2107 1262 2142 tacere.
1293 2119 1312 2140 »

331 2199 552 2246 Guarinus,
596 2197 740 2238 ordine
782 2197 1005 2237 verborum
1048 2198 1272 2239 eorundem
1315 2200 1412 2240 item
1440 2201 1513 2240 in-

275 2276 413 2313 verso,
444 2277 528 2304 non
558 2264 687 2304 multo
718 2275 837 2304 secus
867 2264 942 2304 sic:

473 2385 494 2408 ‹<
519 2371 616 2408 Nam
641 2371 679 2408 ni
695 2372 887 2419 praevalet
912 2372 983 2409 ista
1012 2373 1064 2409 nil
1090 2377 1245 2427 taceres.
1269 2387 1287 2407 »
