1815 2973
271 272 276 277 .
466 228 469 233 '
510 236 522 246 ἡ·
537 252 540 256 „
558 205 1005 273 &immaiffimm
1024 226 1082 270 21,
1095 211 1182 272 1220*
1370 233 1389 240 ··
1412 224 1453 257 71

255 289 421 359 ’ἐξιίᾲτό
440 301 629 351 obiisset:
647 302 729 342 nisi
747 302 855 355 quod
872 303 999 344 multo
1016 302 1147 343 serius
1166 301 1319 343 addidit
1337 313 1412 355 per
1434 314 1501 343 oc-

208 359 223 399 Ϊ
266 368 474 411 ,casionem
492 366 695 424 nonnulla
717 366 784 416 24,
807 367 906 414 44‚3
928 367 1139 420 scribens:
1176 383 1198 406 ‹
1218 367 1270 408 ad
1303 356 1499 408 Castrum

216 445 217 448 ’
272 449 293 472 «
321 433 474 474 album.
494 464 503 473 .
521 431 586 473 .1.
617 433 732 474 locus
754 437 816 474 est
835 434 1005 486 insignis
1023 422 1155 474 caede⁷
1167 435 1306 486 magni
1333 433 1499 474 Hamil-

272 513 293 536 ‹
321 498 479 538 caris.»
509 497 767 551 Pugnantem
786 499 956 551 periisse
974 498 1249 539 Hamilcarem
1270 498 1498 551 colligimus

267 575 360 604 cum
396 574 449 603 ex
486 563 659 616 Polybio
699 562 878 617 (2,1,8),
923 567 1008 604 tum
1051 564 1173 603 etiam
1216 576 1269 604 ex
1314 562 1499 616 Appiano

270 628 420 682 (Hann.
440 627 497 681 2):
521 632 703 668 ceterum
725 629 790 668 isti
811 640 950 668 omnes
969 628 1074 667 nihil
1097 628 1295 668 adiciunt.
1314 627 1392 668 Sed
1408 628 1501 669 Dio-

268 693 391 735 dorus
408 693 490 747 (25,
510 695 576 748 14)
599 694 803 735 nonnulla·
814 697 1030 747 praeterea
1044 694 1187 734 habet:
1204 693 1493 740 Hamilcarem,

267 759 362 799 dum
399 759 543 799 urbem
567 760 751 799 Helicem
775 764 899 807 Ελιιὶὴν
921 759 984 814 (de
1013 760 1090 799 hac
1120 760 1238 807 urbe,
1255 770 1357 812 quae
1384 759 1499 799 nulla

267 838 444 878 unquam
465 824 554 873 fuit,
569 826 690 865 multi
720 826 848 866 multa
877 826 1145 867 somniarunt.
1180 825 1286 867 Vide
1315 826 1359 864 in
1392 826 1499 865 notis

267 891 318 930 ad
340 890 570 947 Diodorum,
597 891 631 930 si
660 903 765 942 quae
793 892 835 929 in
864 891 1108 931 editionibus
1150 891 1277 931 huius
1315 890 1501 930 historici

271 960 414 996 extant
431 970 440 996 :
463 969 559 996 mox
574 956 705 996 dicam
727 969 926 1011 quaenam
946 958 1044 997 urbs
1061 958 1113 996 sit
1133 954 1415 1009 intelligenda)
1435 955 1501 995 ob-

267 1022 429 1069 sideret,
453 1026 683 1075 superatum
713 1022 860 1062 fraude
880 1027 920 1062 et
939 1022 1096 1062 insidiis
1116 1022 1244 1062 fuisse
1274 1033 1298 1061 a
1327 1020 1498 1074 quodam

268 1088 490 1141 Hispaniae
509 1100 619 1139 rege,
650 1100 819 1142 cumque
848 1089 881 1127 is
909 1100 987 1127 rex
1016 1100 1106 1128 eum
1135 1088 1434 1138 insequeretur,
1456 1088 1499 1126 in

269 1152 436 1193 flumine
460 1153 632 1206 quodam
661 1155 786 1193 vitam
815 1154 1008 1193 amisisse.
1050 1153 1149 1192 Cum
1186 1153 1359 1192 Diodoro
1403 1164 1499 1192 con-

267 1221 389 1259 sentit
417 1221 596 1259 Iustinus
627 1219 708 1272 (44,
722 1220 761 1266 5,
781 1218 833 1272 4),
860 1219 1070 1259 scribens:
1104 1218 1186 1257 «in
1204 1217 1387 1257 insidias
1419 1218 1499 1256 de·

269 1284 424 1324 duetus
444 1285 643 1325 occiditur
662 1301 697 1324 ».
727 1285 834 1324 Mira
854 1288 1000 1324 narrat
1029 1284 1077 1323 de
1106 1284 1217 1324 hisce
1247 1283 1404 1323 insidiis
1423 1278 1502 1334 Ap-

268 1351 409 1402 pianus
439 1349 517 1403 (lb.
548 1350 604 1405 5).
642 1350 823 1402 Denique
868 1350 1087 1392 Cornelius
1129 1350 1260 1401 Nepos
1300 1347 1496 1400 (Hamilc.

268 1415 356 1468 43)
371 1420 658 1455 commemorat
674 1417 879 1455 nationem
895 1416 938 1454 in
956 1427 1076 1466 quam
1090 1426 1277 1467 pugnans
1294 1413 1502 1453 Hamilcar

268 1481 428 1520 occisus
465 1480 568 1520 fuit:
612 1481 833 1522 Vettonum
878 1483 966 1520 erat
1003 1480 1129 1520 natio.
1165 1479 1333 1519 Minime
1374 1478 1502 1530 igitur

269 1544 502 1596 discrepant
529 1546 637 1584 inter
680 1557 722 1584 se
764 1548 953 1584 auctores
988 1546 1031 1584 in
1074 1548 1204 1584 morte
1245 1544 1500 1583 Hamilcaris

268 1609 480 1657 tradenda,
512 1611 586 1649 etsi
628 1610 733 1650 alius
778 1610 862 1649 alia
891 1613 1047 1658 narrat,
1090 1610 1269 1649 minime.
1301 1631 1355 1639 —
1383 1608 1501 1648 Nunc

217 1717 225 1724 ⁸
268 1675 399 1714 dicam
429 1675 477 1714 de
515 1676 617 1714 urbe
658 1675 744 1715 illa.
792 1676 921 1715 Miror
962 1679 1099 1715 autem
1129 1676 1287 1715 nemini
1320 1686 1501 1726 unquam

269 1740 371 1780 haec
397 1743 609 1792 perspecta
631 1740 783 1780 fuisse:
815 1740 1012 1780 Vettones
1032 1740 1271 1781 incolebant
1290 1740 1501 1793 regionem

224 1827 229 1833 ·
269 1818 374 1857 quae
416 1809 479 1846 est
511 1806 621 1845 inter
649 1806 824 1846 Durium
872 1809 913 1845 et
953 1806 1108 1858 Tagum
1151 1805 1319 1845 fiumina
1363 1804 1501 1859 (hodie

267 1870 601 1924 Estremadura)
644 1875 897 1912 montuosam
926 1871 1051 1919 illam,
1080 1884 1275 1924 pecorum
1304 1871 1500 1912 feracem.

269 1938 398 1990 Caput
443 1939 618 1977 nationis
666 1938 930 1979 Salmantica
976 1941 1065 1978 erat
1105 1939 1190 1978 sive
1220 1937 1500 1979 Her-mantica

270 2002 374 2056 (Liv.
389 2003 455 2051 21,
473 2003 512 2051 5,
525 2003 566 2058 7)
597 2016 743 2056 graece
758 2007 979 2056 Ἑλμαντική,
1007 2004 1115 2053 (Pol.
1147 2003 1183 2051 3,
1207 2003 1270 2051 14,
1288 2003 1343 2056 3),
1374 2002 1496 2043 hodie

269 2068 536 2110 Salamanea.
583 2069 716 2114 Quum
758 2071 885 2122 igitur
921 2073 1082 2110 constet
1124 2070 1167 2108 in
1206 2067 1400 2108 Vettones
1428 2080 1499 2119 pu-

269 2137 464 2186 gnantem
504 2135 780 2175 Hamilcarem
825 2136 1000 2176 occisum
1029 2135 1187 2183 fuisse,
1226 2134 1341 2174 cuius
1381 2137 1500 2185 caput

270 2201 404 2252 gentis
417 2204 505 2240 erat
516 2204 723 2251 Ἑλμαντική
736 2200 927 2254 quidnam
942 2213 1183 2241 censeamus
1199 2201 1278 2239 nisi
1294 2198 1398 2251 apud
1410 2199 1502 2238 Dio-

269 2264 412 2305 dorum
442 2266 520 2305 iam
540 2265 756 2318 legendum
778 2279 867 2306 esse
888 2279 971 2306 non
991 2269 1112 2313 Ἑλική
1140 2265 1210 2304 sed
1231 2264 1499 2319 ἙΛ(μαντ)ικήὲ

325 2331 465 2382 Neque
479 2342 591 2379 vero,
620 2335 665 2372 ut
693 2331 745 2371 ad
773 2335 956 2371 nostrum
986 2335 1194 2371 auctorem
1217 2330 1399 2374 redeam,
1421 2329 1503 2369 dis-

271 2401 441 2450 crepant
460 2398 503 2437 in
524 2411 571 2438 eo
592 2399 635 2437 in
656 2388 741 2451 quov
755 2397 1122 2438 Weissenbornius
1152 2400 1291 2437 censet
1322 2395 1383 2449 (ad
1404 2396 1496 2437 Liv.
1527 2405 1534 2411 ‘

270 2462 443 2511 XX1,2,
458 2463 498 2517 4)
541 2463 738 2503 Diodorus
778 2467 817 2503 et
847 2463 1001 2503 Livius.
1050 2462 1118 2502 Ait
1146 2463 1255 2502 enim
1291 2463 1502 2502 Weissen-
