1815 2973
270 226 291 230 ⁷.
371 223 375 230 ι
473 222 475 225 v
522 222 562 229 ..
676 162 1147 224 flamiam-uai-
1424 160 1494 212 '47

203 293 224 310 .—
282 254 362 306 j'nio'
371 256 543 307 Gellius.
559 246 747 310 cuperet*
755 257 931 298 mittere
957 256 1041 310 tela
1067 257 1111 296 in
1142 255 1377 297 Catullum:
1421 255 1535 296 lusus

290 312 516 364 ,verborum
544 321 712 375 apertus
742 324 817 361 est.
846 319 953 361 Aliis
981 333 1142 374 quoque
1162 320 1213 361 de
1228 321 1363 361 causis
1383 318 1538 360 fallun-

291 391 363 428 tur
388 398 482 427 mea
507 386 726 432 sententia,
758 386 993 438 et'primum
1010 385 1172 438 quidem
1190 390 1409 438 propterea
1427 384 1535 437 quod

293 454 340 506 si¹
358 451 521 506 quando
547 450 827 504 usurpabatur
845 451 974 501 icere,
997 450 1187 505 (fuscina,
1208 450 1357 504 lapide,
1379 462 1530 504 pugno,

252 549 256 552 -
291 518 474 576 tragula,
506 517 668 570 sagitta,
697 516 887 564 umbone,
917 515 1060 563 fu‘nda,
1090 515 1262 556 fulmine
1281 547 1290 563 ,
1323 520 1417 564 etc.;
1449 528 1533 556 me-

297 582 524 636 taphorice:
545 581 790 630 rebellione,
812 585 938 628 metu,
961 580 1187 628 desideriis,
1208 593 1315 621 nova
1335 594 1395 628 re,
1418 581 1528 635 etc.)‚

291 659 501 700 nunquam
519 647 609 687 fere
630 646 856 704 addebatur
875 658 970 698 pars
992 647 1175 698 corporis
1194 648 1276 687 icta
1296 645 1448 699 (femur
1467 651 1526 688 ta—

293 724 399 760 men;
412 712 484 752 sed
500 713 634 752 ictum
649 715 783 764 caput,
797 710 966 751 subaud.
980 711 1097 759 vino,
1114 710 1219 764 apud
1234 712 1335 752 Hor.
1348 713 1525 764 metaph.

292 777 463 823 dicitur,
503 776 626 830 idque
662 789 716 817 ex
752 776 910 816 Archil.
953 775 1048 829 (οἴνῳ
1073 782 1354 830 συχκεραυνωθεὶς
1381 776 1529 831 φρένας).

290 841 446 881 Deinde
474 842 672 882 abhorret
700 842 815 882 icere
833 842 1082 881 a‘communi
1100 841 1293 893 loquendi
1322 846 1543 888 consuetu-⁴

281 906 401 956 dine,
432 919 535 959 quae
564 907 812 964 consuetudo
840 907 1077 960 requirebat
1096 911 1142 946 ut
1165 907 1418 946 scriberetur
1447 920 1530 947 non

291 972 408 1013 icere
435 973 534 1013 telis
561 973 754 1026 aliquem
781 972 850 1013 vel
878 972 1065 1026 aliquid,
1094 972 1166 1012 sed
1186 974 1338 1025 petere
1367 972 1473 1012 telis.

397 1038 450 1077 ΙΙ.
482 1038 594 1078 Haec
624 1043 719 1078 sunt
748 1039 798 1078 ob
827 1050 930 1089 quae
960 1040 1052 1077 sine
1080 1038 1166 1077 ulla
1187 1038 1441 1078 dubitatione
1461 1050 1529 1077 ar-

287 1102 421 1143 bitror
440 1101 658 1143 lectionem
679 1102 795 1143 Telis
815 1102 1024 1155 infestum
1042 1102 1158 1143 icere
1171 1103 1234 1142 mi
1249 1113 1385 1155 usque
1399 1106 1531 1156 caput

288 1168 529 1219 planissime
544 1168 831 1208 excutiendam
846 1181 948 1208 esse.
967 1169 1013 1207 In
1028 1180 1077 1207 eo
1092 1168 1228 1208 autem
1243 1168 1531 1208 Lachmannus

6 1276 29 1289 ,
219 1278 224 1282 ,
287 1232 434 1285 quique
463 1232 502 1272 ei
529 1232 808 1273 assentiuntur
835 1232 936 1271 mihi
955 1231 1150 1273 videntur
1170 1231 1273 1280 falli,
1299 1231 1405 1284 quod
1424 1232 1529 1273 mit-

0 1292 69 1341 rssfss„
288 1299 380 1335 tere
407 1294 594 1335 absolute
608 1307 782 1347 perraro
802 1295 867 1335 usi
896 1298 990 1335 sunt
1004 1295 1196 1335 Romani:
1215 1307 1340 1334 unum
1361 1295 1527 1335 omnino

287 1359 518 1412 exemplum
546 1360 688 1399 inveni
715 1359 822 1413 apud
853 1359 973 1400 Ovid.
1006 1360 1128 1400 Fast.
1168 1359 1314 1399 3.584:
1349 1375 1371 1396 «
1399 1359 1528 1405 Quam

289 1429 489 1477 quantum
516 1426 656 1466 novies
684 1426 855 1467 mittere
881 1423 1013 1466 funda
1030 1428 1177 1477 potest,
1194 1440 1215 1462 »
1233 1437 1284 1464 ne
1304 1424 1346 1465 id
1365 1424 1527 1478 quidem

286 1488 339 1529 ad
353 1488 405 1537 id,
423 1489 530 1541 quod
545 1490 704 1537 volunt,
719 1488 996 1536 efficiendum,
1015 1489 1336 1535 accomodatum,
1359 1489 1435 1529 etsi
1453 1489 1524 1529 El-

286 1554 406 1595 lisius
423 1566 470 1595 eo
486 1555 574 1609 ipso
594 1555 762 1596 nititur:
780 1566 954 1609 namque
969 1554 1076 1608 apud
1090 1553 1277 1595 Ovidium
1298 1554 1525 1595 subiectum

284 1620 400 1660 verbi
430 1624 492 1660 est
519 1620 675 1671 funda,
707 1621 751 1659 in
780 1632 905 1660 versu
947 1619 1098 1661 Catulli
1139 1631 1240 1660 vero
1272 1619 1431 1661 nullum
1460 1623 1526 1660 est

283 1685 526 1726 subiectum.
558 1685 768 1725 Absonum
797 1685 860 1725 est
887 1685 1017 1738 igitur
1044 1685 1218 1726 mittere
1245 1685 1359 1726 telis:
1389 1684 1524 1725 dicen-

241 1774 244 1778 ι
284 1749 380 1790 dum
409 1754 479 1790 aut
498 1754 652 1802 petere
680 1751 786 1797 telis,
815 1754 886 1790 aut
913 1750 1086 1790 mittere
1114 1750 1212 1791 tela.

336 1814 440 1855 Sunt
460 1819 500 1855 et
526 1814 619 1855 alia:
651 1814 849 1867 siquidem
870 1815 965 1855 telis
983 1815 1189 1866 infestum
1208 1819 1341 1867 eaput
1360 1827 1445 1855 non
1465 1815 1522 1854 ita

282 1880 434 1919 bonum
463 1883 537 1926 est,
569 1880 793 1931 perbonum
822 1892 844 1919 e
873 1880 1082 1919 contrario
1110 1879 1197 1919 tela
1229 1879 1401 1930 infesta.
1419 1879 1525 1919 Res-

282 1945 498 1997 pexeritne
526 1944 579 1985 ad
607 1943 784 1985 Gellium
811 1944 907 1992 9,12
933 1944 1234 1992 Lachmannus,
1264 1946 1428 1992 nesci0;
1461 1945 1521 1985 ibi

258 2008 443 2060 ,Gellius
472 2008 521 2048 de
548 2009 688 2049 verbis
717 2010 804 2062 agit
831 2020 935 2062 quae
965 2008 1117 2061 duplici
1157 2007 1380 2060 eademque
1417 1997 1522 2048 con-'-

282 2075 414 2115 traria
442 2073 739 2128 significatione
768 2074 1006 2127 gauderent:
1028 2074 1347 2126 formidulosus
1376 2074 1520 2126 inquit,

283 2137 364 2178 dici
390 2143 523 2191 potest
551 2145 592 2180 et
620 2140 691 2192 qui
719 2139 914 2180 formidat
942 2143 982 2179 et
1010 2140 1082 2191 qui
1109 2138 1367 2188 formidatur;
1401 2140 1523 2181 invi-

280 2204 431 2245 diosus
460 2208 500 2244 et
527 2206 597 2257 qui
624 2204 780 2245 invidet
808 2208 849 2244 et
877 2205 945 2245 cui
974 2203 1206 2250 invidetur;
1252 2204 1521 2256 suspiciosus

281 2273 322 2309 et
350 2270 420 2322 qui
447 2271 679 2322 suspicatur
708 2274 749 2310 et
777 2270 847 2322 qui
889 2273 1100 2323 suspectus
1140 2273 1224 2318 est;
1267 2270 1521 2312 ambitiosus

281 2341 321 2374 et
339 2335 410 2386 qui
428 2335 554 2374 ambit
573 2339 614 2374 et
632 2335 702 2386 qui
721 2335 924 2381 ambitum
952 2336 1178 2387 ,qratiosus
1197 2338 1239 2374 et
1254 2335 1324 2386 qui
1352 2334 1519 2375 adhibet

279 2399 436 2451 gratias
465 2403 504 2439 et
533 2399 602 2451 qui
631 2398 823 2446 admittit;
854 2399 1101 2440 laboriosus
1129 2402 1169 2439 et
1197 2399 1267 2452 qui
1295 2398 1459 2440 laborat
1479 2403 1520 2440 et
