<?xml version="1.0" encoding="UTF-8"?>
<!DOCTYPE html PUBLIC "-//W3C//DTD XHTML 1.0 Transitional//EN"
    "http://www.w3.org/TR/xhtml1/DTD/xhtml1-transitional.dtd">
<html xmlns="http://www.w3.org/1999/xhtml" xml:lang="en" lang="en">
 <head>
  <title>
</title>
<meta http-equiv="Content-Type" content="text/html;charset=utf-8" />
  <meta name='ocr-system' content='tesseract 3.04.00' />
  <meta name='ocr-capabilities' content='ocr_page ocr_carea ocr_par ocr_line ocrx_word'/>
</head>
<body>
  <div class='ocr_page' id='page_1' title='image "4737923_0107.png"; bbox 0 0 1815 2973; ppageno 0'>
   <div class='ocr_carea' id='block_1_1' title="bbox 0 0 1453 337">
    <p class='ocr_par' dir='ltr' id='par_1_1' title="bbox 0 0 1453 337">
     <span class='ocr_line' id='line_1_1' title="bbox 0 0 1453 337; baseline 0 0"><span class='ocrx_word' id='word_1_1' title='bbox 0 0 1453 337; x_wconf 95' lang='lat' dir='ltr'>   </span> 
     </span>
    </p>
   </div>
   <div class='ocr_carea' id='block_1_2' title="bbox 1442 176 1490 210">
    <p class='ocr_par' dir='ltr' id='par_1_2' title="bbox 1442 176 1490 210">
     <span class='ocr_line' id='line_1_2' title="bbox 1442 176 1490 210; baseline 0 0"><span class='ocrx_word' id='word_1_2' title='bbox 1442 176 1490 210; x_wconf 71' lang='lat'>951</span> 
     </span>
    </p>
   </div>
   <div class='ocr_carea' id='block_1_3' title="bbox 218 252 1531 440">
    <p class='ocr_par' dir='ltr' id='par_1_3' title="bbox 218 252 1531 440">
     <span class='ocr_line' id='line_1_3' title="bbox 285 252 1525 319; baseline -0.002 -22.988"><span class='ocrx_word' id='word_1_3' title='bbox 285 296 300 319; x_wconf 23' lang='grc' dir='ltr'>ὦ,</span> <span class='ocrx_word' id='word_1_4' title='bbox 433 264 595 309; x_wconf 75' lang='lat' dir='ltr'>promo</span> <span class='ocrx_word' id='word_1_5' title='bbox 622 252 787 298; x_wconf 79' lang='lat' dir='ltr'>Romae</span> <span class='ocrx_word' id='word_1_6' title='bbox 797 256 997 305; x_wconf 78' lang='lat' dir='ltr'>volones</span> <span class='ocrx_word' id='word_1_7' title='bbox 1003 255 1106 309; x_wconf 81' lang='lat' dir='ltr'>qui</span> <span class='ocrx_word' id='word_1_8' title='bbox 1099 254 1262 310; x_wconf 72' lang='lat' dir='ltr'>fierent</span> <span class='ocrx_word' id='word_1_9' title='bbox 1289 269 1329 294; x_wconf 81' lang='lat'><strong>»</strong></span> <span class='ocrx_word' id='word_1_10' title='bbox 1357 252 1525 294; x_wconf 78' lang='lat' dir='ltr'>Romae</span> 
     </span>
     <span class='ocr_line' id='line_1_4' title="bbox 218 319 1526 376; baseline -0.003 -14"><span class='ocrx_word' id='word_1_11' title='bbox 218 330 222 335; x_wconf 88' lang='grc'><strong>’</strong></span> <span class='ocrx_word' id='word_1_12' title='bbox 249 324 381 376; x_wconf 69' lang='lat' dir='ltr'>fier-2</span> <span class='ocrx_word' id='word_1_13' title='bbox 403 321 516 361; x_wconf 77' lang='lat' dir='ltr'>ldem</span> <span class='ocrx_word' id='word_1_14' title='bbox 545 319 667 367; x_wconf 86' lang='lat' dir='ltr'>v‚alet</span> <span class='ocrx_word' id='word_1_15' title='bbox 697 322 757 359; x_wconf 87' lang='lat' dir='ltr'>uti</span> <span class='ocrx_word' id='word_1_16' title='bbox 784 325 895 373; x_wconf 83' lang='lat' dir='ltr'>patet</span> <span class='ocrx_word' id='word_1_17' title='bbox 927 333 982 361; x_wconf 81' lang='lat' dir='ltr'>ex</span> <span class='ocrx_word' id='word_1_18' title='bbox 1001 321 1140 362; x_wconf 85' lang='lat' dir='ltr'>verbis</span> <span class='ocrx_word' id='word_1_19' title='bbox 1160 321 1284 361; x_wconf 87' lang='lat' dir='ltr'>Livii</span> <span class='ocrx_word' id='word_1_20' title='bbox 1299 331 1407 374; x_wconf 89' lang='lat' dir='ltr'>quae</span> <span class='ocrx_word' id='word_1_21' title='bbox 1428 331 1526 359; x_wconf 84' lang='lat' dir='ltr'>mox</span> 
     </span>
     <span class='ocr_line' id='line_1_5' title="bbox 287 376 1531 440; baseline -0.002 -14"><span class='ocrx_word' id='word_1_22' title='bbox 287 384 505 431; x_wconf 87' lang='lat' dir='ltr'>afferemus</span> <span class='ocrx_word' id='word_1_23' title='bbox 524 415 534 434; x_wconf 93' lang='lat'>,</span> <span class='ocrx_word' id='word_1_24' title='bbox 580 376 784 425; x_wconf 74' lang='lat' dir='ltr'>conscribi</span> <span class='ocrx_word' id='word_1_25' title='bbox 827 399 851 426; x_wconf 89' lang='lat' dir='ltr'>a</span> <span class='ocrx_word' id='word_1_26' title='bbox 892 387 1201 439; x_wconf 84' lang='lat' dir='ltr'>magistratibus</span> <span class='ocrx_word' id='word_1_27' title='bbox 1254 386 1324 440; x_wconf 90' lang='lat' dir='ltr'>qui</span> <span class='ocrx_word' id='word_1_28' title='bbox 1370 385 1531 435; x_wconf 85' lang='lat' dir='ltr'>Romae</span> 
     </span>
    </p>
   </div>
   <div class='ocr_carea' id='block_1_4' title="bbox 223 451 1536 503">
    <p class='ocr_par' dir='ltr' id='par_1_4' title="bbox 223 451 1536 503">
     <span class='ocr_line' id='line_1_6' title="bbox 223 451 1536 503; baseline -0.002 -11"><span class='ocrx_word' id='word_1_29' title='bbox 223 463 227 468; x_wconf 68' lang='grc'>’</span> <span class='ocrx_word' id='word_1_30' title='bbox 288 457 384 492; x_wconf 86' lang='lat' dir='ltr'>tunc</span> <span class='ocrx_word' id='word_1_31' title='bbox 413 451 607 503; x_wconf 88' lang='lat' dir='ltr'>temporis</span> <span class='ocrx_word' id='word_1_32' title='bbox 637 456 787 491; x_wconf 85' lang='lat' dir='ltr'>essent.</span> <span class='ocrx_word' id='word_1_33' title='bbox 807 452 965 492; x_wconf 88' lang='lat' dir='ltr'>Romae</span> <span class='ocrx_word' id='word_1_34' title='bbox 994 457 1132 493; x_wconf 89' lang='lat' dir='ltr'>autem</span> <span class='ocrx_word' id='word_1_35' title='bbox 1153 455 1314 492; x_wconf 89' lang='lat' dir='ltr'>constat</span> <span class='ocrx_word' id='word_1_36' title='bbox 1334 451 1407 491; x_wconf 90' lang='lat' dir='ltr'>illa</span> <span class='ocrx_word' id='word_1_37' title='bbox 1429 454 1536 491; x_wconf 88' lang='lat' dir='ltr'>tem-</span> 
     </span>
    </p>
   </div>
   <div class='ocr_carea' id='block_1_5' title="bbox 0 337 259 1176">
    <p class='ocr_par' dir='ltr' id='par_1_5' title="bbox 0 337 259 1176">
     <span class='ocr_line' id='line_1_7' title="bbox 0 337 259 1176; baseline 0 0"><span class='ocrx_word' id='word_1_38' title='bbox 0 337 259 1176; x_wconf 95' lang='lat' dir='ltr'> </span> 
     </span>
    </p>
   </div>
   <div class='ocr_carea' id='block_1_6' title="bbox 0 1186 61 1276">
    <p class='ocr_par' dir='ltr' id='par_1_6' title="bbox 0 1186 61 1276">
     <span class='ocr_line' id='line_1_8' title="bbox 0 1186 61 1276; baseline 0 1697"><span class='ocrx_word' id='word_1_39' title='bbox 0 1186 61 1276; x_wconf 95' lang='lat' dir='ltr'> </span> 
     </span>
    </p>
   </div>
   <div class='ocr_carea' id='block_1_7' title="bbox 0 2462 128 2973">
    <p class='ocr_par' dir='ltr' id='par_1_7' title="bbox 0 2462 128 2973">
     <span class='ocr_line' id='line_1_9' title="bbox 0 2462 128 2973; baseline 0 0"><span class='ocrx_word' id='word_1_40' title='bbox 0 2462 128 2973; x_wconf 95' lang='lat' dir='ltr'> </span> 
     </span>
    </p>
   </div>
   <div class='ocr_carea' id='block_1_8' title="bbox 246 516 1536 2469">
    <p class='ocr_par' dir='ltr' id='par_1_8' title="bbox 246 516 1536 2469">
     <span class='ocr_line' id='line_1_10' title="bbox 289 516 1536 571; baseline -0.002 -14"><span class='ocrx_word' id='word_1_41' title='bbox 289 521 446 571; x_wconf 82' lang='lat' dir='ltr'>pestate</span> <span class='ocrx_word' id='word_1_42' title='bbox 474 517 607 556; x_wconf 83' lang='lat' dir='ltr'>factos</span> <span class='ocrx_word' id='word_1_43' title='bbox 637 516 771 569; x_wconf 30' lang='lat' dir='ltr'>fuisse·</span> <span class='ocrx_word' id='word_1_44' title='bbox 793 518 941 558; x_wconf 88' lang='lat' dir='ltr'>multos</span> <span class='ocrx_word' id='word_1_45' title='bbox 972 518 1120 558; x_wconf 83' lang='lat' dir='ltr'><strong>milites</strong></span> <span class='ocrx_word' id='word_1_46' title='bbox 1151 519 1323 559; x_wconf 76' lang='lat' dir='ltr'>volones</span> <span class='ocrx_word' id='word_1_47' title='bbox 1354 517 1450 571; x_wconf 85' lang='lat' dir='ltr'>(hoc</span> <span class='ocrx_word' id='word_1_48' title='bbox 1470 516 1536 556; x_wconf 83' lang='lat' dir='ltr'>est</span> 
     </span>
     <span class='ocr_line' id='line_1_11' title="bbox 290 581 1532 631; baseline -0.001 -9"><span class='ocrx_word' id='word_1_49' title='bbox 290 595 438 624; x_wconf 78' lang='lat' dir='ltr'>servos</span> <span class='ocrx_word' id='word_1_50' title='bbox 466 582 748 623; x_wconf 77' lang='lat' dir='ltr'>voluntarios.</span> <span class='ocrx_word' id='word_1_51' title='bbox 795 583 857 623; x_wconf 80' lang='lat' dir='ltr'>Cf.</span> <span class='ocrx_word' id='word_1_52' title='bbox 899 583 1154 629; x_wconf 89' lang='lat' dir='ltr'>Macrobium</span> <span class='ocrx_word' id='word_1_53' title='bbox 1191 582 1275 624; x_wconf 88' lang='lat' dir='ltr'>Sat.</span> <span class='ocrx_word' id='word_1_54' title='bbox 1307 581 1413 631; x_wconf 86' lang='lat'><strong>1‚11,</strong></span> <span class='ocrx_word' id='word_1_55' title='bbox 1445 582 1532 630; x_wconf 85' lang='lat'>30;</span> 
     </span>
     <span class='ocr_line' id='line_1_12' title="bbox 256 646 1531 701; baseline -0.002 -13"><span class='ocrx_word' id='word_1_56' title='bbox 256 676 265 683; x_wconf 32' lang='lat' dir='ltr'><strong>x</strong></span> <span class='ocrx_word' id='word_1_57' title='bbox 293 648 413 688; x_wconf 81' lang='lat' dir='ltr'>Paul.</span> <span class='ocrx_word' id='word_1_58' title='bbox 445 649 562 687; x_wconf 88' lang='lat' dir='ltr'>Diac.</span> <span class='ocrx_word' id='word_1_59' title='bbox 594 660 686 700; x_wconf 87' lang='lat' dir='ltr'>pag.</span> <span class='ocrx_word' id='word_1_60' title='bbox 719 646 813 700; x_wconf 88' lang='grc'>370)</span> <span class='ocrx_word' id='word_1_61' title='bbox 837 680 846 696; x_wconf 89' lang='grc'>,</span> <span class='ocrx_word' id='word_1_62' title='bbox 876 649 945 701; x_wconf 89' lang='lat' dir='ltr'>qui</span> <span class='ocrx_word' id='word_1_63' title='bbox 973 662 1047 701; x_wconf 88' lang='lat' dir='ltr'>pro</span> <span class='ocrx_word' id='word_1_64' title='bbox 1075 650 1158 688; x_wconf 87' lang='lat' dir='ltr'>aris</span> <span class='ocrx_word' id='word_1_65' title='bbox 1186 653 1228 688; x_wconf 89' lang='lat' dir='ltr'>et</span> <span class='ocrx_word' id='word_1_66' title='bbox 1257 648 1360 688; x_wconf 79' lang='lat' dir='ltr'>focis</span> <span class='ocrx_word' id='word_1_67' title='bbox 1385 651 1531 687; x_wconf 86' lang='lat' dir='ltr'>contra</span> 
     </span>
     <span class='ocr_line' id='line_1_13' title="bbox 290 713 1534 767; baseline -0.001 -13"><span class='ocrx_word' id='word_1_68' title='bbox 290 714 568 755; x_wconf 84' lang='lat' dir='ltr'>Hannibalem</span> <span class='ocrx_word' id='word_1_69' title='bbox 597 718 845 765; x_wconf 82' lang='lat' dir='ltr'>pugnarent.</span> <span class='ocrx_word' id='word_1_70' title='bbox 868 713 1068 767; x_wconf 84' lang='lat' dir='ltr'>Namque,</span> <span class='ocrx_word' id='word_1_71' title='bbox 1098 717 1190 767; x_wconf 90' lang='lat' dir='ltr'>post</span> <span class='ocrx_word' id='word_1_72' title='bbox 1216 714 1407 755; x_wconf 88' lang='lat' dir='ltr'>nuntium</span> <span class='ocrx_word' id='word_1_73' title='bbox 1428 714 1534 755; x_wconf 90' lang='lat' dir='ltr'>Can-</span> 
     </span>
     <span class='ocr_line' id='line_1_14' title="bbox 292 778 1531 831; baseline -0.001 -13"><span class='ocrx_word' id='word_1_74' title='bbox 292 779 434 818; x_wconf 85' lang='lat' dir='ltr'>nensis</span> <span class='ocrx_word' id='word_1_75' title='bbox 464 778 605 826; x_wconf 87' lang='lat' dir='ltr'>cladis,</span> <span class='ocrx_word' id='word_1_76' title='bbox 635 778 812 831; x_wconf 84' lang='lat' dir='ltr'>Romani</span> <span class='ocrx_word' id='word_1_77' title='bbox 840 778 956 818; x_wconf 88' lang='lat' dir='ltr'>nulla</span> <span class='ocrx_word' id='word_1_78' title='bbox 985 780 1224 831; x_wconf 85' lang='lat' dir='ltr'>interposita</span> <span class='ocrx_word' id='word_1_79' title='bbox 1253 786 1370 819; x_wconf 85' lang='lat' dir='ltr'>mora</span> <span class='ocrx_word' id='word_1_80' title='bbox 1394 778 1531 818; x_wconf 82' lang='lat' dir='ltr'>dicta-</span> 
     </span>
     <span class='ocr_line' id='line_1_15' title="bbox 294 844 1529 896; baseline 0 -13"><span class='ocrx_word' id='word_1_81' title='bbox 294 851 381 884; x_wconf 85' lang='lat' dir='ltr'>tore</span> <span class='ocrx_word' id='word_1_82' title='bbox 398 848 548 891; x_wconf 86' lang='lat' dir='ltr'>creato,</span> <span class='ocrx_word' id='word_1_83' title='bbox 572 856 701 884; x_wconf 85' lang='lat' dir='ltr'>novas</span> <span class='ocrx_word' id='word_1_84' title='bbox 722 845 856 896; x_wconf 86' lang='lat' dir='ltr'>copias</span> <span class='ocrx_word' id='word_1_85' title='bbox 875 844 1058 883; x_wconf 88' lang='lat' dir='ltr'>scribere</span> <span class='ocrx_word' id='word_1_86' title='bbox 1076 845 1260 896; x_wconf 75' lang='lat' dir='ltr'>aggressi</span> <span class='ocrx_word' id='word_1_87' title='bbox 1289 848 1383 885; x_wconf 89' lang='lat' dir='ltr'>sunt</span> <span class='ocrx_word' id='word_1_88' title='bbox 1401 856 1529 896; x_wconf 87' lang='lat' dir='ltr'>quan-</span> 
     </span>
     <span class='ocr_line' id='line_1_16' title="bbox 291 908 1528 962; baseline -0.001 -13"><span class='ocrx_word' id='word_1_89' title='bbox 291 914 529 961; x_wconf 83' lang='lat' dir='ltr'>tascumque</span> <span class='ocrx_word' id='word_1_90' title='bbox 571 912 749 962; x_wconf 84' lang='lat' dir='ltr'>possent,</span> <span class='ocrx_word' id='word_1_91' title='bbox 793 909 940 960; x_wconf 87' lang='lat' dir='ltr'>quibus</span> <span class='ocrx_word' id='word_1_92' title='bbox 983 908 1174 949; x_wconf 88' lang='lat' dir='ltr'>videlicet</span> <span class='ocrx_word' id='word_1_93' title='bbox 1212 909 1332 949; x_wconf 85' lang='lat' dir='ltr'>fessis</span> <span class='ocrx_word' id='word_1_94' title='bbox 1362 909 1528 961; x_wconf 90' lang='lat' dir='ltr'>Imperii</span> 
     </span>
     <span class='ocr_line' id='line_1_17' title="bbox 293 973 1531 1027; baseline -0.001 -13"><span class='ocrx_word' id='word_1_95' title='bbox 293 976 416 1014; x_wconf 87' lang='lat' dir='ltr'>rebus</span> <span class='ocrx_word' id='word_1_96' title='bbox 437 976 723 1014; x_wconf 84' lang='lat' dir='ltr'>subvenirent.</span> <span class='ocrx_word' id='word_1_97' title='bbox 742 973 864 1027; x_wconf 92' lang='lat' dir='ltr'>(Vide</span> <span class='ocrx_word' id='word_1_98' title='bbox 884 986 987 1027; x_wconf 88' lang='lat' dir='ltr'>quae</span> <span class='ocrx_word' id='word_1_99' title='bbox 1006 974 1298 1027; x_wconf 83' lang='lat' dir='ltr'>disputavimus</span> <span class='ocrx_word' id='word_1_100' title='bbox 1328 976 1370 1014; x_wconf 92' lang='lat' dir='ltr'>in</span> <span class='ocrx_word' id='word_1_101' title='bbox 1400 975 1531 1026; x_wconf 84' lang='lat' dir='ltr'>capite</span> 
     </span>
     <span class='ocr_line' id='line_1_18' title="bbox 294 1039 1533 1093; baseline 0 -14"><span class='ocrx_word' id='word_1_102' title='bbox 294 1039 397 1092; x_wconf 80' lang='lat' dir='ltr'>sup.)</span> <span class='ocrx_word' id='word_1_103' title='bbox 414 1042 517 1081; x_wconf 88' lang='lat' dir='ltr'>Rem</span> <span class='ocrx_word' id='word_1_104' title='bbox 535 1041 677 1080; x_wconf 89' lang='lat' dir='ltr'>Livius</span> <span class='ocrx_word' id='word_1_105' title='bbox 694 1044 843 1079; x_wconf 88' lang='lat' dir='ltr'>narrat</span> <span class='ocrx_word' id='word_1_106' title='bbox 857 1039 1027 1087; x_wconf 74' lang='lat'><strong>22,57,9</strong></span> <span class='ocrx_word' id='word_1_107' title='bbox 1039 1052 1126 1093; x_wconf 89' lang='lat' dir='ltr'>seq.</span> <span class='ocrx_word' id='word_1_108' title='bbox 1144 1039 1208 1078; x_wconf 86' lang='lat' dir='ltr'>his</span> <span class='ocrx_word' id='word_1_109' title='bbox 1223 1040 1376 1080; x_wconf 87' lang='lat' dir='ltr'>verbis:</span> <span class='ocrx_word' id='word_1_110' title='bbox 1398 1039 1533 1079; x_wconf 80' lang='lat' dir='ltr'>«Inde</span> 
     </span>
     <span class='ocr_line' id='line_1_19' title="bbox 293 1101 1535 1156; baseline 0.002 -16"><span class='ocrx_word' id='word_1_111' title='bbox 293 1121 314 1140; x_wconf 86' lang='lat'>«</span> <span class='ocrx_word' id='word_1_112' title='bbox 346 1101 533 1144; x_wconf 75' lang='lat' dir='ltr'>dictator</span> <span class='ocrx_word' id='word_1_113' title='bbox 551 1118 604 1146; x_wconf 82' lang='lat' dir='ltr'>ex</span> <span class='ocrx_word' id='word_1_114' title='bbox 634 1105 878 1145; x_wconf 89' lang='lat' dir='ltr'>auctoritate</span> <span class='ocrx_word' id='word_1_115' title='bbox 897 1110 1060 1156; x_wconf 91' lang='lat' dir='ltr'>patrum</span> <span class='ocrx_word' id='word_1_116' title='bbox 1079 1105 1209 1144; x_wconf 87' lang='lat' dir='ltr'>dictus</span> <span class='ocrx_word' id='word_1_117' title='bbox 1237 1106 1294 1145; x_wconf 92' lang='lat' dir='ltr'>M.</span> <span class='ocrx_word' id='word_1_118' title='bbox 1325 1104 1472 1145; x_wconf 85' lang='lat' dir='ltr'>Junius</span> <span class='ocrx_word' id='word_1_119' title='bbox 1494 1109 1535 1144; x_wconf 86' lang='lat' dir='ltr'>et</span> 
     </span>
     <span class='ocr_line' id='line_1_20' title="bbox 295 1167 1534 1224; baseline 0.001 -18"><span class='ocrx_word' id='word_1_120' title='bbox 295 1184 314 1206; x_wconf 83' lang='lat'>«</span> <span class='ocrx_word' id='word_1_121' title='bbox 346 1170 406 1210; x_wconf 91' lang='lat' dir='ltr'>Ti.</span> <span class='ocrx_word' id='word_1_122' title='bbox 449 1169 720 1222; x_wconf 67' lang='lat' dir='ltr'>Sempronius*</span> <span class='ocrx_word' id='word_1_123' title='bbox 753 1170 949 1222; x_wconf 83' lang='lat' dir='ltr'>magister</span> <span class='ocrx_word' id='word_1_124' title='bbox 992 1170 1172 1224; x_wconf 84' lang='lat' dir='ltr'>equitum</span> <span class='ocrx_word' id='word_1_125' title='bbox 1216 1169 1368 1210; x_wconf 85' lang='lat' dir='ltr'>dilectu</span> <span class='ocrx_word' id='word_1_126' title='bbox 1405 1167 1534 1209; x_wconf 84' lang='lat' dir='ltr'>edicto</span> 
     </span>
     <span class='ocr_line' id='line_1_21' title="bbox 295 1235 1530 1289; baseline 0.002 -17"><span class='ocrx_word' id='word_1_127' title='bbox 295 1252 315 1271; x_wconf 90' lang='lat'>‹&lt;</span> <span class='ocrx_word' id='word_1_128' title='bbox 347 1237 532 1275; x_wconf 85' lang='lat' dir='ltr'>iuniores</span> <span class='ocrx_word' id='word_1_129' title='bbox 561 1237 612 1276; x_wconf 87' lang='lat' dir='ltr'>ab</span> <span class='ocrx_word' id='word_1_130' title='bbox 642 1237 763 1275; x_wconf 88' lang='lat' dir='ltr'>annis</span> <span class='ocrx_word' id='word_1_131' title='bbox 806 1236 1091 1289; x_wconf 78' lang='lat' dir='ltr'>septemdecim</span> <span class='ocrx_word' id='word_1_132' title='bbox 1121 1240 1161 1276; x_wconf 89' lang='lat' dir='ltr'>et</span> <span class='ocrx_word' id='word_1_133' title='bbox 1190 1235 1384 1288; x_wconf 87' lang='lat' dir='ltr'>quosdam</span> <span class='ocrx_word' id='word_1_134' title='bbox 1412 1246 1530 1287; x_wconf 85' lang='lat' dir='ltr'>prae·</span> 
     </span>
     <span class='ocr_line' id='line_1_22' title="bbox 246 1299 1532 1352; baseline 0.002 -15"><span class='ocrx_word' id='word_1_135' title='bbox 246 1309 250 1313; x_wconf 89' lang='grc'><em>·</em></span> <span class='ocrx_word' id='word_1_136' title='bbox 295 1315 316 1336; x_wconf 86' lang='lat'>‹&lt;</span> <span class='ocrx_word' id='word_1_137' title='bbox 346 1304 524 1340; x_wconf 83' lang='lat' dir='ltr'>textatos</span> <span class='ocrx_word' id='word_1_138' title='bbox 544 1301 741 1341; x_wconf 88' lang='lat' dir='ltr'>scribunt.</span> <span class='ocrx_word' id='word_1_139' title='bbox 763 1302 968 1348; x_wconf 85' lang='lat' dir='ltr'>Quattuor</span> <span class='ocrx_word' id='word_1_140' title='bbox 987 1313 1040 1341; x_wconf 80' lang='lat' dir='ltr'>ex</span> <span class='ocrx_word' id='word_1_141' title='bbox 1060 1301 1125 1341; x_wconf 92' lang='lat' dir='ltr'>his</span> <span class='ocrx_word' id='word_1_142' title='bbox 1144 1299 1330 1352; x_wconf 86' lang='lat' dir='ltr'>legiones</span> <span class='ocrx_word' id='word_1_143' title='bbox 1361 1303 1400 1340; x_wconf 89' lang='lat' dir='ltr'>et</span> <span class='ocrx_word' id='word_1_144' title='bbox 1419 1300 1532 1339; x_wconf 86' lang='lat' dir='ltr'>mille</span> 
     </span>
     <span class='ocr_line' id='line_1_23' title="bbox 298 1364 1528 1418; baseline 0.002 -15"><span class='ocrx_word' id='word_1_145' title='bbox 298 1383 318 1403; x_wconf 89' lang='lat'>‹&lt;</span> <span class='ocrx_word' id='word_1_146' title='bbox 348 1367 503 1417; x_wconf 84' lang='lat' dir='ltr'>equites</span> <span class='ocrx_word' id='word_1_147' title='bbox 533 1364 678 1406; x_wconf 84' lang='lat' dir='ltr'>effecti.</span> <span class='ocrx_word' id='word_1_148' title='bbox 715 1366 814 1406; x_wconf 84' lang='lat' dir='ltr'>Item</span> <span class='ocrx_word' id='word_1_149' title='bbox 844 1366 894 1405; x_wconf 88' lang='lat' dir='ltr'>ad</span> <span class='ocrx_word' id='word_1_150' title='bbox 923 1367 1055 1406; x_wconf 88' lang='lat' dir='ltr'>socios</span> <span class='ocrx_word' id='word_1_151' title='bbox 1087 1367 1362 1418; x_wconf 85' lang='lat' dir='ltr'>Latinumque</span> <span class='ocrx_word' id='word_1_152' title='bbox 1381 1378 1528 1405; x_wconf 89' lang='lat' dir='ltr'>nomen</span> 
     </span>
     <span class='ocr_line' id='line_1_24' title="bbox 297 1431 1533 1485; baseline 0.001 -15"><span class='ocrx_word' id='word_1_153' title='bbox 297 1447 317 1468; x_wconf 83' lang='lat'>«</span> <span class='ocrx_word' id='word_1_154' title='bbox 347 1433 399 1472; x_wconf 82' lang='lat' dir='ltr'>ad</span> <span class='ocrx_word' id='word_1_155' title='bbox 430 1433 577 1472; x_wconf 87' lang='lat' dir='ltr'>milites</span> <span class='ocrx_word' id='word_1_156' title='bbox 607 1445 659 1471; x_wconf 78' lang='lat' dir='ltr'>ex</span> <span class='ocrx_word' id='word_1_157' title='bbox 689 1433 868 1472; x_wconf 85' lang='lat' dir='ltr'>formula</span> <span class='ocrx_word' id='word_1_158' title='bbox 899 1433 1159 1485; x_wconf 88' lang='lat' dir='ltr'>accipiendos</span> <span class='ocrx_word' id='word_1_159' title='bbox 1191 1434 1374 1473; x_wconf 87' lang='lat' dir='ltr'>mittunt.</span> <span class='ocrx_word' id='word_1_160' title='bbox 1406 1431 1533 1471; x_wconf 84' lang='lat' dir='ltr'>Arma</span> 
     </span>
     <span class='ocr_line' id='line_1_25' title="bbox 298 1496 1535 1550; baseline 0 -13"><span class='ocrx_word' id='word_1_161' title='bbox 298 1515 319 1536; x_wconf 89' lang='lat'>‹&lt;</span> <span class='ocrx_word' id='word_1_162' title='bbox 348 1499 430 1538; x_wconf 86' lang='lat' dir='ltr'>tela</span> <span class='ocrx_word' id='word_1_163' title='bbox 458 1499 600 1550; x_wconf 86' lang='lat' dir='ltr'>parari</span> <span class='ocrx_word' id='word_1_164' title='bbox 628 1499 794 1546; x_wconf 88' lang='lat' dir='ltr'>iubent,</span> <span class='ocrx_word' id='word_1_165' title='bbox 827 1503 867 1539; x_wconf 90' lang='lat' dir='ltr'>et</span> <span class='ocrx_word' id='word_1_166' title='bbox 908 1502 1056 1539; x_wconf 85' lang='lat' dir='ltr'>vetera</span> <span class='ocrx_word' id='word_1_167' title='bbox 1099 1499 1227 1550; x_wconf 86' lang='lat' dir='ltr'>spolia</span> <span class='ocrx_word' id='word_1_168' title='bbox 1256 1498 1436 1539; x_wconf 88' lang='lat' dir='ltr'>hostium</span> <span class='ocrx_word' id='word_1_169' title='bbox 1463 1496 1535 1537; x_wconf 87' lang='lat' dir='ltr'>de-</span> 
     </span>
     <span class='ocr_line' id='line_1_26' title="bbox 298 1563 1525 1615; baseline 0.002 -16"><span class='ocrx_word' id='word_1_170' title='bbox 298 1580 318 1599; x_wconf 85' lang='lat'>«</span> <span class='ocrx_word' id='word_1_171' title='bbox 350 1564 518 1603; x_wconf 86' lang='lat' dir='ltr'>trahunt</span> <span class='ocrx_word' id='word_1_172' title='bbox 548 1564 707 1615; x_wconf 88' lang='lat' dir='ltr'>templis</span> <span class='ocrx_word' id='word_1_173' title='bbox 736 1565 1054 1615; x_wconf 80' lang='lat' dir='ltr'>porticibusque.</span> <span class='ocrx_word' id='word_1_174' title='bbox 1104 1564 1157 1602; x_wconf 92' lang='lat' dir='ltr'>Et</span> <span class='ocrx_word' id='word_1_175' title='bbox 1200 1564 1322 1603; x_wconf 89' lang='lat' dir='ltr'>aliam</span> <span class='ocrx_word' id='word_1_176' title='bbox 1353 1563 1525 1602; x_wconf 85' lang='lat' dir='ltr'>formam</span> 
     </span>
     <span class='ocr_line' id='line_1_27' title="bbox 296 1628 1535 1682; baseline 0.002 -17"><span class='ocrx_word' id='word_1_177' title='bbox 296 1645 316 1665; x_wconf 90' lang='lat'>«</span> <span class='ocrx_word' id='word_1_178' title='bbox 349 1630 444 1669; x_wconf 83' lang='lat' dir='ltr'>novi</span> <span class='ocrx_word' id='word_1_179' title='bbox 475 1628 646 1668; x_wconf 75' lang='lat' dir='ltr'>dilectus</span> <span class='ocrx_word' id='word_1_180' title='bbox 676 1629 810 1682; x_wconf 84' lang='lat' dir='ltr'>inopia</span> <span class='ocrx_word' id='word_1_181' title='bbox 838 1628 1066 1669; x_wconf 88' lang='lat' dir='ltr'>liberorum</span> <span class='ocrx_word' id='word_1_182' title='bbox 1107 1629 1284 1681; x_wconf 87' lang='lat' dir='ltr'>capitum</span> <span class='ocrx_word' id='word_1_183' title='bbox 1314 1641 1364 1668; x_wconf 85' lang='lat' dir='ltr'>ac</span> <span class='ocrx_word' id='word_1_184' title='bbox 1391 1640 1535 1668; x_wconf 85' lang='lat' dir='ltr'>neces-</span> 
     </span>
     <span class='ocr_line' id='line_1_28' title="bbox 296 1684 1536 1734; baseline -0.001 -1"><span class='ocrx_word' id='word_1_185' title='bbox 296 1712 314 1728; x_wconf 85' lang='lat'>«</span> <span class='ocrx_word' id='word_1_186' title='bbox 348 1696 446 1734; x_wconf 78' lang='lat' dir='ltr'>sitas</span> <span class='ocrx_word' id='word_1_187' title='bbox 476 1694 583 1734; x_wconf 85' lang='lat' dir='ltr'>dedit</span> <span class='ocrx_word' id='word_1_188' title='bbox 603 1707 621 1733; x_wconf 88' lang='lat'>:-</span> <span class='ocrx_word' id='word_1_189' title='bbox 643 1698 732 1734; x_wconf 87' lang='lat' dir='ltr'>octo</span> <span class='ocrx_word' id='word_1_190' title='bbox 762 1694 873 1733; x_wconf 86' lang='lat' dir='ltr'>milia</span> <span class='ocrx_word' id='word_1_191' title='bbox 899 1684 1098 1734; x_wconf 21' lang='lat' dir='ltr'>*iuvenum</span> <span class='ocrx_word' id='word_1_192' title='bbox 1129 1693 1360 1734; x_wconf 87' lang='lat' dir='ltr'>validorum</span> <span class='ocrx_word' id='word_1_193' title='bbox 1380 1706 1432 1733; x_wconf 80' lang='lat' dir='ltr'>ex</span> <span class='ocrx_word' id='word_1_194' title='bbox 1454 1705 1536 1733; x_wconf 88' lang='lat' dir='ltr'>ser-</span> 
     </span>
     <span class='ocr_line' id='line_1_29' title="bbox 295 1760 1532 1813; baseline 0.002 -17"><span class='ocrx_word' id='word_1_195' title='bbox 295 1776 315 1796; x_wconf 81' lang='lat'>«</span> <span class='ocrx_word' id='word_1_196' title='bbox 348 1761 456 1801; x_wconf 86' lang='lat' dir='ltr'>vitiis</span> <span class='ocrx_word' id='word_1_197' title='bbox 475 1761 588 1813; x_wconf 87' lang='lat' dir='ltr'>prius</span> <span class='ocrx_word' id='word_1_198' title='bbox 608 1761 865 1800; x_wconf 81' lang='lat' dir='ltr'>sciscitantes</span> <span class='ocrx_word' id='word_1_199' title='bbox 887 1760 1086 1812; x_wconf 88' lang='lat' dir='ltr'>singulos,</span> <span class='ocrx_word' id='word_1_200' title='bbox 1110 1760 1320 1801; x_wconf 89' lang='lat' dir='ltr'>vellentne</span> <span class='ocrx_word' id='word_1_201' title='bbox 1340 1760 1532 1806; x_wconf 80' lang='lat' dir='ltr'>militare,</span> 
     </span>
     <span class='ocr_line' id='line_1_30' title="bbox 298 1816 1534 1879; baseline 0.001 -15"><span class='ocrx_word' id='word_1_202' title='bbox 298 1843 318 1864; x_wconf 82' lang='lat'><strong>«</strong></span> <span class='ocrx_word' id='word_1_203' title='bbox 348 1831 480 1879; x_wconf 87' lang='lat' dir='ltr'>empta</span> <span class='ocrx_word' id='word_1_204' title='bbox 507 1827 667 1878; x_wconf 84' lang='lat' dir='ltr'>publice</span> <span class='ocrx_word' id='word_1_205' title='bbox 694 1816 978 1867; x_wconf 86' lang='lat' dir='ltr'>armaverunt.</span> <span class='ocrx_word' id='word_1_206' title='bbox 1012 1843 1032 1864; x_wconf 84' lang='lat'>»</span> <span class='ocrx_word' id='word_1_207' title='bbox 1065 1827 1249 1867; x_wconf 53' lang='lat' dir='ltr'>Ean&#39;iem</span> <span class='ocrx_word' id='word_1_208' title='bbox 1280 1840 1365 1867; x_wconf 86' lang='lat' dir='ltr'>rem</span> <span class='ocrx_word' id='word_1_209' title='bbox 1394 1827 1534 1866; x_wconf 84' lang='lat' dir='ltr'>Livius</span> 
     </span>
     <span class='ocr_line' id='line_1_31' title="bbox 293 1892 1527 1948; baseline -0.001 -17"><span class='ocrx_word' id='word_1_210' title='bbox 293 1896 437 1932; x_wconf 82' lang='lat' dir='ltr'>narrat</span> <span class='ocrx_word' id='word_1_211' title='bbox 457 1904 604 1932; x_wconf 86' lang='lat' dir='ltr'>rursus</span> <span class='ocrx_word' id='word_1_212' title='bbox 619 1892 789 1940; x_wconf 75' lang='lat'><strong>23,14,‘2</strong></span> <span class='ocrx_word' id='word_1_213' title='bbox 810 1904 937 1946; x_wconf 71' lang='lat' dir='ltr'>seqq,</span> <span class='ocrx_word' id='word_1_214' title='bbox 961 1892 1103 1948; x_wconf 84' lang='lat' dir='ltr'>(alium</span> <span class='ocrx_word' id='word_1_215' title='bbox 1119 1897 1331 1933; x_wconf 80' lang='lat' dir='ltr'>auctorem</span> <span class='ocrx_word' id='word_1_216' title='bbox 1348 1897 1527 1937; x_wconf 83' lang='lat' dir='ltr'>secutus,</span> 
     </span>
     <span class='ocr_line' id='line_1_32' title="bbox 292 1958 1532 2009; baseline -0.002 -12"><span class='ocrx_word' id='word_1_217' title='bbox 292 1964 336 1997; x_wconf 83' lang='lat' dir='ltr'>ut</span> <span class='ocrx_word' id='word_1_218' title='bbox 364 1969 439 2009; x_wconf 76' lang='lat' dir='ltr'>ego</span> <span class='ocrx_word' id='word_1_219' title='bbox 468 1958 663 2009; x_wconf 78' lang='lat' dir='ltr'>arbitror)</span> <span class='ocrx_word' id='word_1_220' title='bbox 695 1960 760 1997; x_wconf 87' lang='lat' dir='ltr'>his</span> <span class='ocrx_word' id='word_1_221' title='bbox 782 1959 942 1999; x_wconf 88' lang='lat' dir='ltr'>verbis:</span> <span class='ocrx_word' id='word_1_222' title='bbox 969 1974 989 1995; x_wconf 80' lang='grc'><strong>«</strong></span> <span class='ocrx_word' id='word_1_223' title='bbox 1014 1989 1021 1998; x_wconf 87' lang='grc'><strong>.</strong></span> <span class='ocrx_word' id='word_1_224' title='bbox 1048 1990 1056 1998; x_wconf 90' lang='grc'><strong>.</strong></span> <span class='ocrx_word' id='word_1_225' title='bbox 1081 1991 1089 1999; x_wconf 92' lang='grc'><strong>.</strong></span> <span class='ocrx_word' id='word_1_226' title='bbox 1114 1958 1362 1998; x_wconf 86' lang='lat' dir='ltr'>dictatorM.</span> <span class='ocrx_word' id='word_1_227' title='bbox 1385 1958 1532 1997; x_wconf 82' lang='lat' dir='ltr'>Junius</span> 
     </span>
     <span class='ocr_line' id='line_1_33' title="bbox 294 2020 1532 2075; baseline 0.001 -17"><span class='ocrx_word' id='word_1_228' title='bbox 294 2037 314 2058; x_wconf 86' lang='lat'>«</span> <span class='ocrx_word' id='word_1_229' title='bbox 346 2021 451 2062; x_wconf 85' lang='lat' dir='ltr'>Pera</span> <span class='ocrx_word' id='word_1_230' title='bbox 475 2053 719 2063; x_wconf 91' lang='grc'><strong>........</strong></span> <span class='ocrx_word' id='word_1_231' title='bbox 753 2026 919 2075; x_wconf 84' lang='lat' dir='ltr'>praeter</span> <span class='ocrx_word' id='word_1_232' title='bbox 952 2021 1057 2063; x_wconf 86' lang='lat' dir='ltr'>duas</span> <span class='ocrx_word' id='word_1_233' title='bbox 1102 2022 1292 2063; x_wconf 84' lang='lat' dir='ltr'>urbanas</span> <span class='ocrx_word' id='word_1_234' title='bbox 1335 2020 1532 2073; x_wconf 78' lang='lat' dir='ltr'>legiones,</span> 
     </span>
     <span class='ocr_line' id='line_1_34' title="bbox 295 2085 1536 2140; baseline -0.001 -15"><span class='ocrx_word' id='word_1_235' title='bbox 295 2102 314 2122; x_wconf 69' lang='lat' dir='ltr'>&lt;c</span> <span class='ocrx_word' id='word_1_236' title='bbox 347 2100 450 2138; x_wconf 84' lang='lat' dir='ltr'>quae</span> <span class='ocrx_word' id='word_1_237' title='bbox 479 2088 678 2140; x_wconf 88' lang='lat' dir='ltr'>principio</span> <span class='ocrx_word' id='word_1_238' title='bbox 708 2088 809 2127; x_wconf 87' lang='lat' dir='ltr'>anni</span> <span class='ocrx_word' id='word_1_239' title='bbox 837 2099 861 2126; x_wconf 93' lang='lat' dir='ltr'>a</span> <span class='ocrx_word' id='word_1_240' title='bbox 891 2088 1129 2127; x_wconf 89' lang='lat' dir='ltr'>consulibus</span> <span class='ocrx_word' id='word_1_241' title='bbox 1162 2087 1416 2139; x_wconf 82' lang='lat' dir='ltr'>conscriptae</span> <span class='ocrx_word' id='word_1_242' title='bbox 1445 2085 1536 2124; x_wconf 85' lang='lat' dir='ltr'>fue-</span> 
     </span>
     <span class='ocr_line' id='line_1_35' title="bbox 293 2153 1528 2204; baseline 0.001 -14"><span class='ocrx_word' id='word_1_243' title='bbox 293 2169 314 2189; x_wconf 75' lang='lat'>«</span> <span class='ocrx_word' id='word_1_244' title='bbox 346 2158 463 2201; x_wconf 88' lang='lat' dir='ltr'>rant,</span> <span class='ocrx_word' id='word_1_245' title='bbox 495 2158 534 2192; x_wconf 89' lang='lat' dir='ltr'>et</span> <span class='ocrx_word' id='word_1_246' title='bbox 563 2166 779 2194; x_wconf 87' lang='lat' dir='ltr'>servorum</span> <span class='ocrx_word' id='word_1_247' title='bbox 808 2153 1000 2193; x_wconf 89' lang='lat' dir='ltr'>dilectum</span> <span class='ocrx_word' id='word_1_248' title='bbox 1029 2154 1306 2204; x_wconf 79' lang='lat' dir='ltr'>cohortesque</span> <span class='ocrx_word' id='word_1_249' title='bbox 1345 2163 1398 2192; x_wconf 78' lang='lat' dir='ltr'>ex</span> <span class='ocrx_word' id='word_1_250' title='bbox 1425 2163 1528 2203; x_wconf 87' lang='lat' dir='ltr'>agro</span> 
     </span>
     <span class='ocr_line' id='line_1_36' title="bbox 299 2215 1536 2269; baseline 0.001 -15"><span class='ocrx_word' id='word_1_251' title='bbox 299 2234 320 2255; x_wconf 87' lang='lat'>«</span> <span class='ocrx_word' id='word_1_252' title='bbox 348 2219 499 2258; x_wconf 86' lang='lat' dir='ltr'>Piceno</span> <span class='ocrx_word' id='word_1_253' title='bbox 529 2223 568 2258; x_wconf 88' lang='lat' dir='ltr'>et</span> <span class='ocrx_word' id='word_1_254' title='bbox 596 2217 730 2258; x_wconf 87' lang='lat' dir='ltr'>Gallia</span> <span class='ocrx_word' id='word_1_255' title='bbox 759 2219 980 2266; x_wconf 74' lang='lat' dir='ltr'>coniectas,</span> <span class='ocrx_word' id='word_1_256' title='bbox 1013 2218 1064 2258; x_wconf 86' lang='lat' dir='ltr'>ad</span> <span class='ocrx_word' id='word_1_257' title='bbox 1093 2218 1277 2258; x_wconf 88' lang='lat' dir='ltr'>ultimum</span> <span class='ocrx_word' id='word_1_258' title='bbox 1298 2229 1421 2269; x_wconf 88' lang='lat' dir='ltr'>prope</span> <span class='ocrx_word' id='word_1_259' title='bbox 1441 2215 1536 2255; x_wconf 88' lang='lat' dir='ltr'>des·</span> 
     </span>
     <span class='ocr_line' id='line_1_37' title="bbox 296 2281 1531 2336; baseline -0.002 -15"><span class='ocrx_word' id='word_1_260' title='bbox 296 2299 318 2320; x_wconf 75' lang='lat'><strong>&lt;</strong></span> <span class='ocrx_word' id='word_1_261' title='bbox 349 2287 516 2335; x_wconf 75' lang='lat' dir='ltr'>per-atae</span> <span class='ocrx_word' id='word_1_262' title='bbox 536 2284 596 2323; x_wconf 89' lang='lat' dir='ltr'>rei</span> <span class='ocrx_word' id='word_1_263' title='bbox 616 2283 800 2336; x_wconf 89' lang='lat' dir='ltr'>publicae</span> <span class='ocrx_word' id='word_1_264' title='bbox 821 2283 1037 2330; x_wconf 84' lang='lat' dir='ltr'>auxilium,</span> <span class='ocrx_word' id='word_1_265' title='bbox 1056 2292 1147 2322; x_wconf 79' lang='lat' dir='ltr'>c&#39;um</span> <span class='ocrx_word' id='word_1_266' title='bbox 1167 2283 1335 2322; x_wconf 78' lang='lat' dir='ltr'>honesta</span> <span class='ocrx_word' id='word_1_267' title='bbox 1357 2281 1531 2321; x_wconf 77' lang='lat' dir='ltr'>utilibus</span> 
     </span>
     <span class='ocr_line' id='line_1_38' title="bbox 275 2346 1532 2401; baseline 0 -15"><span class='ocrx_word' id='word_1_268' title='bbox 275 2361 277 2364; x_wconf 54' lang='lat'><em>⁴</em></span> <span class='ocrx_word' id='word_1_269' title='bbox 299 2365 319 2386; x_wconf 88' lang='lat'>«</span> <span class='ocrx_word' id='word_1_270' title='bbox 351 2349 509 2397; x_wconf 80' lang='lat' dir='ltr'>cedunt,</span> <span class='ocrx_word' id='word_1_271' title='bbox 532 2348 752 2397; x_wconf 85' lang='lat' dir='ltr'>descendit,</span> <span class='ocrx_word' id='word_1_272' title='bbox 770 2348 994 2400; x_wconf 81' lang='lat' dir='ltr'>edixitque,</span> <span class='ocrx_word' id='word_1_273' title='bbox 1014 2348 1082 2401; x_wconf 87' lang='lat' dir='ltr'>qui</span> <span class='ocrx_word' id='word_1_274' title='bbox 1104 2347 1317 2401; x_wconf 86' lang='lat' dir='ltr'>capitalem</span> <span class='ocrx_word' id='word_1_275' title='bbox 1340 2346 1532 2387; x_wconf 88' lang='lat' dir='ltr'>fraudem</span> 
     </span>
     <span class='ocr_line' id='line_1_39' title="bbox 299 2412 1533 2469; baseline 0.002 -17"><span class='ocrx_word' id='word_1_276' title='bbox 299 2431 320 2452; x_wconf 78' lang='lat'>«</span> <span class='ocrx_word' id='word_1_277' title='bbox 351 2418 437 2456; x_wconf 74' lang='lat' dir='ltr'>ausi</span> <span class='ocrx_word' id='word_1_278' title='bbox 467 2417 615 2469; x_wconf 83' lang='lat' dir='ltr'>quique</span> <span class='ocrx_word' id='word_1_279' title='bbox 658 2416 855 2468; x_wconf 84' lang='lat' dir='ltr'>pecuniae</span> <span class='ocrx_word' id='word_1_280' title='bbox 900 2414 1065 2454; x_wconf 80' lang='lat' dir='ltr'>iudicati</span> <span class='ocrx_word' id='word_1_281' title='bbox 1097 2415 1136 2452; x_wconf 91' lang='lat' dir='ltr'>in</span> <span class='ocrx_word' id='word_1_282' title='bbox 1166 2412 1344 2454; x_wconf 73' lang='lat' dir='ltr'>vinculis</span> <span class='ocrx_word' id='word_1_283' title='bbox 1376 2417 1533 2461; x_wconf 87' lang='lat' dir='ltr'>essent,</span> 
     </span>
    </p>
   </div>
   <div class='ocr_carea' id='block_1_9' title="bbox 1405 2502 1425 2543">
    <p class='ocr_par' dir='ltr' id='par_1_9' title="bbox 1405 2502 1425 2543">
     <span class='ocr_line' id='line_1_40' title="bbox 1405 2502 1425 2543; baseline 0 0"><span class='ocrx_word' id='word_1_284' title='bbox 1405 2502 1425 2543; x_wconf 80' lang='lat'>7</span> 
     </span>
    </p>
   </div>
  </div>
 </body>
</html>
