1815 2973
314 173 360 208 93
480 194 485 198 ,
702 181 757 223 >Μ)
779 154 900 206 Livium
927 152 1054 219 2353ss
1066 167 1082 215 1.
1189 150 1194 155 -
1260 221 1264 224 ,
1366 221 1369 227 .
1397 212 1420 217 1*

274 268 295 289 «
326 251 396 305 qui
423 252 565 291 eorum
595 244 702 302 apud
728 261 771 290 se
798 248 950 308 milites
979 238 1138 295 fierent,
1160 259 1231 288 eos
1250 234 1365 293 noxa
1388 232 1512 301 pecu·-

1228 202 1326 226 qr.

274 332 295 352 «
326 317 477 369 niaque
520 325 613 355 sese
655 314 818 354 exsolvi
850 315 1074 355 iussurum.
1103 312 1166 354 Ea
1195 323 1271 353 sex
1300 310 1413 351 milia
1441 310 1516 363 ho'-
1573 304 1576 310 ’
1647 324 1656 331 ‘

278 399 299 419 «
327 382 483 422 minum
514 380 686 422 Gallicis
716 380 870 433 spoliis,
901 392 1005 433 quae
1025 379 1230 430 triumpho
1260 379 1306 420 C.
1335 377 1518 418 Flamini

278 464 299 484 «
330 447 483 487 tralata
503 449 635 493 eraut,
656 446 835 485 armavit
853 458 862 493 ;
895 446 1033 498 itaque
1053 457 1145 485 cum
1165 444 1310 496 viginti
1333 443 1517 496 quinque

277 530 299 550 «
330 513 496 553 milibus
538 516 792 552 armatorum
837 511 888 550 ab
931 511 1034 551 urbe
1076 510 1352 562 proficiscitur
1384 527 1419 549 ».
1451 509 1519 549 Cf.

275 581 494 631 praeterea
523 576 756 629 Appianum
785 575 978 617 Hannib.
999 575 1066 616 27.
1090 578 1138 616 In
1158 576 1248 615 loco
1269 575 1360 614 Livi
1390 574 1516 613 allato

277 643 333 684 cf.
365 642 510 683 verba:
541 642 662 694 apud
689 653 734 682 se
763 641 912 681 milites
941 642 1090 693 fierent
1128 653 1219 681 cum
1248 641 1387 681 verbis
1417 653 1523 693 quae

277 722 353 762 ego
383 708 578 762 proposui
609 708 652 747 in
683 720 775 747 mea
805 707 1108 748 emendatione.

332 774 459 814 Locos
487 760 594 812 Livii
624 772 779 812 idcirco
810 773 994 824 integros
1015 773 1226 824 adscripsi,
1257 785 1335 824 quo
1371 773 1513 812 melius

276 839 586 893 persuaderem,
628 840 854 886 Romanum,
891 843 982 890 post
1024 850 1204 889 pugnam
1246 838 1297 877 acl
1340 839 1521 884 Cannas,

279 905 445 944 Romae
459 915 651 956 maguam
668 904 751 942 vim
767 904 943 942 militum
959 903 1260 955 conscripsisse,
1274 905 1371 956 ipsis
1388 905 1523 943 servis

280 982 363 1010 non
386 969 604 1021 exemptis.
634 968 768 1013 Quum
797 973 933 1008 autem
962 981 986 1007 a
1016 981 1154 1019 pugna
1184 970 1280 1009 inde
1316 969 1526 1008 Cannensi

282 1046 411 1087 usque
439 1033 490 1073 ad
520 1034 681 1072 initium
724 1035 824 1073 anni
869 1046 907 1073 u.
942 1045 975 1072 c.
1014 1033 1253 1079 DXXX1X‚
1284 1034 1363 1074 hoc
1402 1039 1463 1074 est
1504 1047 1527 1073 a

282 1101 346 1140 die
376 1101 447 1152 qui
476 1099 556 1138 fuit
584 1103 680 1138 ante
709 1098 815 1139 diem
846 1103 1036 1151 quartum
1066 1100 1206 1139 Nonas
1227 1100 1404 1140 Sextiles
1426 1101 1527 1153 (Ma-

282 1165 396 1216 crob.
428 1165 577 1204 Satura
607 1163 719 1217 1,16)
752 1165 853 1203 anni
884 1178 924 1204 u.
957 1177 995 1204 c.
1028 1164 1287 1204 DXXXVIII
1317 1178 1445 1222 usque
1473 1165 1526 1204 ad

284 1231 382 1272 ldusv
407 1231 580 1270 Martias
610 1242 695 1269 non
724 1231 779 1270 ita
810 1231 926 1270 multi
971 1243 1132 1270 menses
1176 1231 1268 1278 sint,
1300 1235 1526 1270 consenta-

285 1308 410 1337 neum
440 1299 502 1335 est
532 1296 738 1335 Romanos
766 1307 841 1347 per
867 1308 992 1336 omne
1021 1296 1061 1335 id
1092 1301 1248 1348 tempus
1267 1300 1373 1335 totos
1406 1297 1446 1335 in
1480 1308 1528 1334 eo

286 1362 414 1402 fuisse
458 1365 503 1400 ut
545 1361 695 1400 milites
724 1361 920 1413 cuiusque
966 1362 1131 1412 generis
1174 1367 1399 1408 armarent,
1438 1374 1530 1401 cum

286 1429 406 1467 novis
450 1427 681 1478 legionibus
724 1425 948 1466 efficiendis
992 1428 1138 1478 quibus
1182 1428 1320 1467 hostes
1363 1426 1524 1468 inflatos

286 1493 460 1533 victoria
504 1493 777 1538 continerent,
823 1497 906 1532 tum
935 1494 1146 1532 veteribus
1174 1494 1408 1544 legionibus
1430 1507 1524 1545 sup-

287 1557 459 1612 plendiS,
490 1557 530 1597 id
560 1557 668 1609 quod
697 1558 813 1596 initio
843 1559 1040 1609 cuiusque
1083 1559 1182 1597 anni
1211 1558 1346 1598 fiebat.
1382 1560 1524 1598 Lectio

287 1626 416 1677 igitur
435 1624 624 1670 militum,
648 1618 861 1676 nunquain
884 1625 1061 1664 fortasse
1079 1614 1154 1676 per
1171 1626 1211 1664 id
1228 1630 1386 1678 tempus
1405 1627 1532 1664 inter-

289 1694 410 1743 rupta
439 1694 513 1737 est,
544 1689 782 1744 atqueadeo
800 1702 928 1741 usque
944 1690 995 1730 ad
1016 1691 1175 1730 initium
1193 1692 1292 1731 anni
1314 1691 1530 1731 DXXXIX

288 1756 541 1796 continuata.
564 1756 645 1797 Vel
665 1757 700 1795 si
721 1757 898 1795 maxime
919 1758 1148 1810 interrupta
1178 1757 1271 1806 fuit,
1305 1770 1530 1810 rursusque

289 1827 381 1876 post
395 1823 491 1862 Idus
511 1822 682 1862 Martias
712 1823 859 1862 milites
886 1823 972 1876 legi
1000 1828 1094 1863 sunt
1123 1825 1269 1876 coepti,
1302 1837 1356 1863 an
1388 1836 1533 1863 censes

291 1889 504 1935 Romanis,
534 1889 604 1939 qui
625 1891 721 1928 ante
742 1889 898 1940 aliquot
918 1901 1081 1928 menses
1103 1894 1269 1940 propter
1290 1890 1466 1941 inopiam
1489 1890 1536 1927 li-

292 1955 485 1994 berorum
532 1955 709 2006 capitum
753 1955 804 1994 ad
840 1955 1008 1994 servitia
1039 1960 1079 1995 et
1108 1957 1305 2006 pecuniae
1336 1956 1536 1996 iudicatos

293 2019 579 2071 confugerant,
599 2031 710 2058 nunc
731 2020 931 2071 ingenuos
953 2020 1104 2059 milites
1124 2024 1288 2072 praesto
1309 2021 1468 2062 fuisse?
1489 2036 1537 2063 ac

292 2096 374 2124 non
405 2085 540 2136 potius
570 2096 640 2123 eos
670 2085 820 2124 iterum
850 2085 900 2124 ad
931 2085 1115 2125 ultimum
1145 2098 1272 2138 prope
1292 2087 1533 2140 desperatae

266 2149 356 2189 ·rei
384 2150 598 2197 auxilium,
620 2149 726 2202 quod
756 2150 895 2191 Livius
926 2155 1061 2199 vocat,
1086 2151 1378 2194 descendisse?
1399 2154 1535 2200 Quid?

293 2216 400 2267 quod
430 2216 519 2262 ista,
542 2228 647 2267 quae
667 2216 733 2254 vel
755 2218 992 2256 coniectura
1014 2219 1178 2270 assequi
1194 2219 1352 2267 liceret,
1374 2233 1399 2259 a
1421 2221 1537 2260 Livio

284 2282 617 2333 *conceptissimis
628 2282 766 2322 verbis
782 2282 1016 2331 traduntur;
1032 2297 1155 2324 causa
1169 2290 1304 2325 autem
1318 2285 1446 2326 ferme
1455 2301 1537 2327 non

286 2344 366 2396 ·est,‘
396 2360 472 2387 cur
501 2360 605 2400 quae
627 2361 718 2387 cuin
749 2350 856 2389 ratio
887 2349 1000 2389 docet
1034 2354 1116 2389 tum
1145 2351 1364 2391 historicus
1393 2357 1540 2393 narrat
