1815 2973
329 183 373 217 40
725 194 772 218 An
794 194 977 219 cnunnuu
1001 184 1059 227 95,
1074 186 1096 219 7

284 258 469 311 loquitur
497 259 548 299 de
576 259 799 302 annalibus
829 263 1000 304 Tanusii
1021 262 1247 310 cuiusdam,
1277 274 1427 305 nomen
1447 252 1537 305 ma?
1593 251 1596 254 ”
1638 254 1642 255 ⁷

286 324 372 365 lum
392 325 570 378 adeptis:
607 327 816 368 «annales
849 329 1021 368 Tanusii
1058 329 1137 368 scis
1165 340 1286 381 quam
1313 330 1536 382 ponderosi

288 389 387 442 (non
416 391 570 431 decori
591 403 680 444 pro
704 393 949 445 ponderosi
970 394 1092 433 etiam
1113 393 1350 447 exhibetur)
1368 399 1408 435 et
1427 395 1537 446 quid

284 460 493 497 vocentur·
514 472 550 496 ».
580 456 737 503 Quibus
760 459 898 499 verbis
929 459 1039 512 quid
1069 462 1274 500 vocentur
1302 460 1536 502 acutissime

285 522 383 563 olim
413 523 550 563 Iustus
579 523 739 576 Lipsius
766 525 996 566 arbitratus
1038 529 1099 565 est
1133 525 1308 577 intelligi
1342 529 1538 566 caculam

285 588 484 629 charlam
502 589 631 629 illam.
655 589 718 630 Ad
739 591 863 642 Lipsii
885 592 1132 631 sententiam
1153 595 1289 631 autem
1310 603 1395 631 non
1419 591 1536 632 modo

284 655 445 695 accedit
463 655 663 709 Hauptius
686 655 818 709 (sicuti
840 668 981 697 omnes
1003 657 1206 697 accedere
1226 661 1407 709 possunt,
1422 657 1536 697 dum-

286 720 403 760 modo
420 725 626 774 tamquam
645 722 697 761 ad
713 723 958 762 sententiam
976 723 1232 774 probabilem
1251 735 1333 762 non
1350 722 1533 776 certam),

284 798 431 826 verum
452 786 548 826 in‘de
577 787 786 839 profectus
817 782 945 826 multo
975 788 1098 826 etiam
1127 787 1292 839 longius
1312 787 1383 827 sed
1404 788 1533 827 multo

285 853 419 891 minus
450 846 537 892 tuto
557 852 835 905 progrelitur.
859 852 1066 903 Siquidem
1088 852 1288 904 Hauptius
1316 853 1533 900 existimat,

286 918 321 957 si
341 918 466 971 Lipsii
488 922 571 958 stet
603 917 857 965 coniectura,
889 917 984 957 inde
1016 917 1121 958 effici
1150 930 1294 958 verum
1323 917 1534 959 dilacerati

284 986 428 1034 poetae
459 994 606 1022 nomen
643 984 880 1024 Tanusium
912 983 1054 1030 fuisse,
1088 995 1169 1022 non
1210 983 1446 1024 Volusium.
1484 984 1530 1023 In

285 1061 365 1099 quo
396 1061 471 1101 ego
499 1061 582 1088 non
613 1051 777 1089 omnino
807 1051 1014 1089 assentior
1044 1050 1235 1102 Hauptio,
1256 1063 1379 1102 quum
1399 1051 1533 1102 potius

286 1113 452 1155 credam
496 1119 656 1168 poetam
700 1115 818 1155 illum
861 1119 1034 1167 utroque
1077 1115 1245 1155 nomine
1283 1115 1533 1168 appellatum

285 1181 430 1221 fuisse:
469 1181 665 1222 Volusius
702 1182 922 1221 Tanusius
951 1182 1015 1220 vel
1052 1182 1270 1221 Tanusius
1313 1181 1527 1229 Volusius,

285 1245 386 1287 adeo
418 1250 475 1294 ut,
516 1247 650 1288 altero
694 1248 844 1287 omisso
885 1247 1052 1286 nomine
1082 1250 1164 1286 tam
1193 1246 1296 1287 bene
1334 1246 1534 1287 Volusius

285 1325 407 1363 quam
443 1314 666 1352 Tanusius
694 1317 929 1352 vocaretur.

341 1378 520 1431 Longius
557 1390 799 1432 progressus
838 1378 1051 1430 Hauptius,
1083 1377 1232 1418 collato
1263 1377 1382 1425 Suel,
1414 1377 1529 1418 Caes.

286 1443 343 1484 9:
377 1459 398 1481 ⁴<
439 1446 523 1485 Nec
553 1458 600 1484 eo
639 1446 773 1484 secius
812 1445 967 1483 maiora
1006 1457 1102 1484 mox
1141 1446 1182 1482 in
1222 1444 1325 1483 urbe
1364 1444 1527 1483 molitus

289 1525 309 1546 α
330 1514 406 1550 est.
437 1510 646 1563 Siquidem
686 1515 782 1550 ante
818 1521 969 1563 paucos
1000 1508 1085 1549 dies
1128 1522 1249 1561 quam
1277 1509 1529 1549 aedilitatem

286 1590 307 1612 ‹
330 1576 467 1625 iniret,
490 1578 607 1631 venit
624 1578 665 1616 in
684 1576 954 1628 suspicionem
983 1576 1242 1627 conspirasse
1273 1587 1363 1615 cum
1387 1576 1529 1615 Marco

286 1658 308 1680 «
330 1641 479 1684 Crasso
509 1643 736 1691 consulari,
758 1643 855 1681 item
888 1641 1031 1680 Publio
1061 1641 1174 1681 Sulla
1197 1645 1237 1680 et
1257 1641 1304 1681 L.
1324 1641 1527 1680 Autronio

284 1723 305 1746 α
327 1713 417 1762 post
435 1707 761 1761 designationem
781 1707 1022 1747 consulatus
1039 1707 1214 1747 ambitus
1231 1706 1527 1753 condemnatis,

287 1779 373 1814 «ut
401 1776 604 1827 principio
649 1774 748 1813 anni
791 1777 976 1812 senatum
1018 1773 1299 1819 adorirentur,
1332 1775 1372 1812 et
1399 1773 1527 1811 truci-

286 1856 306 1876 «
330 1838 437 1881 datis
467 1853 567 1893 quos
596 1839 789 1892 placitum
813 1843 929 1885 esset,
952 1838 1198 1878 dictaturam
1219 1838 1394 1878 Crassus
1411 1838 1528 1877 inva-

286 1922 307 1942 ‹
330 1907 461 1955 deret,
494 1907 576 1958 ipse
598 1907 648 1945 ab
670 1919 717 1946 eo
748 1906 944 1956 magister
966 1905 1148 1956 equitum
1170 1904 1391 1949 diceretur,
1416 1915 1530 1943 cons-

288 1989 309 2010 «
329 1972 531 2024 titutaque
552 1970 604 2011 ad
623 1972 837 2010 arbitrium
860 1981 905 2010 re
926 1969 1103 2021 publica,
1124 1968 1265 2008 Sullae
1285 1972 1325 2007 et
1340 1968 1528 2007 Autrono

288 2053 309 2076 «
328 2037 568 2079 consulatus
612 2037 904 2076 restitueretur
936 2034 1005 2087 (1).
1053 2034 1348 2074 Meminerunl
1396 2032 1530 2072 huius

285 2121 306 2143 ‹
328 2103 644 2146 coniurationis
698 2101 916 2142 Tanusius
965 2100 1167 2142 Geminus
1216 2100 1264 2141 in
1320 2099 1524 2146 historia,

287 2186 308 2208 «
329 2171 495 2211 Marcus
524 2168 696 2209 Bibulus
726 2170 769 2208 in
800 2167 958 2215 edictis,
991 2168 1038 2208 C.
1063 2167 1184 2207 Curio
1214 2169 1331 2218 pater
1360 2166 1404 2205 in
1433 2177 1528 2205 ora-

326 2334 373 2375 (1)
398 2331 489 2367 Haec
505 2336 560 2368 est
576 2333 669 2366 sacta
685 2329 890 2366 coniuriatio
908 2331 1050 2364 ineunte
1066 2339 1154 2363 anno
1171 2328 1213 2363 U.
1230 2330 1264 2363 C.
1280 2324 1522 2361 DCLXXXlX

278 2389 328 2423 cf.
351 2391 530 2432 praeterea
567 2387 711 2422 Sallust.
740 2388 813 2421 Cat.
842 2383 892 2427 18,
933 2386 1035 2421 Dion,
1064 2386 1154 2420 Cass.
1181 2385 1302 2425 36,27‚
1328 2384 1453 2415 Ascon.
1481 2384 1519 2415 in

278 2449 345 2487 toq.
368 2444 470 2477 cand.
494 2443 598 2477 Orell.
621 2452 657 2489 p.
676 2442 729 2475 93.
754 2441 882 2474 Kiessl.
907 2452 940 2485 p.
966 2441 1018 2473 82.
