1815 2973
498 511 602 566 AD
648 509 1099 566 CATULLUM
1137 508 1210 575 68,
1230 508 1290 557 60

733 855 942 911 CAPUT
978 869 1029 908 v.

264 1092 267 1095 ·
312 1076 345 1116 Ι.
356 1075 530 1116 Carmen
541 1075 594 1116 68
606 1087 755 1116 revera
773 1071 998 1116 ex'duobus
1013 1074 1267 1117 carminibus
1282 1074 1506 1117 conflatum

261 1142 392 1183 fuisse
434 1153 541 1195 quae
578 1141 742 1181 librarii
784 1153 1003 1194 perperam
1045 1142 1351 1193 coniunxerint,
1388 1142 1510 1183 multi-

261 1208 531 1254 arbitrantur,
563 1211 604 1247 et
633 1211 746 1246 recte
775 1207 952 1246 fortasse
981 1207 1259 1247 arbitrantur.
1290 1207 1380 1260 Ego
1403 1219 1507 1247 vero

232 1266 234 1269 ’
260 1272 370 1312 hano
398 1272 672 1324 quaestionem
700 1273 743 1311 in
772 1273 1009 1323 praesentia
1038 1272 1249 1323 relinquo:
1277 1272 1319 1311 id
1346 1276 1508 1311 tan-tum·

261 1349 417 1384 moneo,
461 1349 525 1376 me
567 1337 804 1376 necessario
847 1348 995 1376 versus
1038 1348 1285 1377 numerasse·
1324 1348 1349 1376 a
1376 1338 1508 1390 primo

259 1414 391 1455 usque
419 1402 472 1443 ad
499 1405 762 1455 postremum,
793 1401 910 1442 nulla
939 1401 1052 1442 facta
1086 1402 1301 1450 divisione,
1332 1414 1438 1454 quae
1464 1402 1507 1443 in

261 1467 532 1508 numerandis
561 1468 752 1507 versibus
782 1479 867 1506 non
896 1467 1005 1507 bene·
1030 1467 1315 1507 adhiberetur.

313 1532 439 1573 Hisce
469 1533 639 1572 monitis*
660 1533 783 1573 venio
813 1532 865 1574 ad
883 1545 927 1573 v.
948 1533 1025 1582 60,
1049 1533 1120 1585 qui
1148 1534 1192 1574 in
1221 1532 1429 1575 codicibus
1447 1534 1510 1574 ita-

258 1601 370 1639 extat
400 1599 600 1650 scriptus:

434 1719 452 1744 «
470 1709 545 1744 Per
571 1708 734 1744 medium
759 1709 870 1744 densi
893 1708 1029 1744 transit
1055 1709 1126 1744 iter
1150 1708 1289 1756 populi.
1311 1723 1332 1742 »

313 1812 480 1853 Somnia
518 1812 701 1860 Santeni,
746 1812 816 1865 qui
858 1812 901 1852 in
929 1811 1124 1852 versibus
1154 1812 1224 1863 qui
1251 1812 1506 1865 praecedunt

257 1889 332 1931 pro
361 1879 471 1918 valle
517 1878 643 1917 scribi
688 1877 855 1917 volebat
893 1878 1012 1924 colle,
1064 1877 1190 1917 missa
1228 1877 1352 1917 facio.
1401 1876 1503 1918 It³em

258 1943 474 1998 Huschkii,
504 1944 574 1996 qui
603 1944 645 1983 in
675 1943 755 1983 hoc
789 1955 916 1983 versu
943 1944 1116 1995 scopuli
1142 1955 1226 1983 non
1264 1944 1420 1996 populi
1447 1943 1503 1984 le-

261 2008 439 2060 gendum
468 2003 560 2048 esse
581 2009 804 2056 censebat;
837 2012 983 2049 contra
1003 2020 1122 2060 quem
1141 2009 1344 2061 Hauptius
1357 2011 1505 2049 rectis·

258 2074 359 2113 sime
381 2073 542 2126 populi
560 2073 761 2114 defendit.
793 2072 881 2118 Quo
900 2074 1034 2127 magis
1055 2073 1280 2114 noluissem
1300 2074 1503 2127 Hauptius

256 2138 511 2179 Huschkmm
549 2139 780 2191 probasset,
829 2137 1103 2178 affirmantem
1143 2150 1234 2179 non·
1267 2139 1374 2179 bene
1420 2139 1508 2180 diei-

255 2205 433 2258 potuis'se
450 2204 534 2245 iter
550 2205 672 2248 densi
683 2205 855 2256 populi,
874 2208 996 2257 atque
1015 2217 1141 2258 porro
1161 2208 1357 2245 mutasset
1376 2205 1503 2246 densi

256 2271 300 2311 in
344 2271 516 2319 sensim,
560 2270 600 2311 id
630 2269 737 2323 quod
767 2283 823 2310 eo·
848 2261 1018 2323 gravius
1049 2270 1176 2319 doleo,
1206 2270 1312 2323 quod
1340 2272 1502 2312 sensim

211 2378 216 2385 ,
256 2340 397 2390 postea
426 2340 490 2376 est
517 2340 728 2389 receptum
759 2336 802 2375 in
824 2335 1004 2376 editione
1023 2336 1229 2376 Teubneri
1246 2336 1373 2390 Lips.,
1395 2349 1502 2389 quae

258 2402 304 2442 in
333 2401 524 2443 manibus
552 2404 613 2441 est
641 2402 841 2441 omnium.
884 2401 1067 2455 Namque
1094 2402 1144 2450 si,
1174 2401 1222 2442 id>
1243 2401 1353 2456 qnod
1379 2409 1500 2443 nemo

129 2457 144 2480 '⁴
183 2444 197 2526 ’-
258 2471 394 2523 negat,
424 2467 554 2508 latina
575 2470 671 2507 sunt
700 2467 785 2508 iter
805 2467 983 2520 popuii,
1015 2479 1145 2520 quare
1164 2468 1251 2509 iter
1277 2468 1401 2509 densi
1421 2479 1501 2520 po-
