1815 2973
342 173 363 207 4
736 182 781 207 an
811 181 995 207 caranum
1017 152 1050 212 2,
1063 171 1124 205 7-8
1177 218 1181 222 Ι
1207 171 1211 173 “
1230 165 1235 169 ’

406 249 459 291 11.
477 250 619 301 Itaque
641 250 817 303 primum
837 239 1016 307 omnium
1038 247 1099 300 (ut
1117 247 1400 305 quaestionem
1420 234 1574 291 illabi}

299 315 527 367 relinquam
572 315 689 366 ecqui
729 326 875 355 versus
904 317 996 365 post
1034 313 1234 354 decimum
1260 325 1429 354 versum
1457 302 1543 367 pe-

299 379 447 428 rierint
465 390 483 418 ε·
507 379 603 417 olim
633 380 744 417 enim
773 379 817 416 in
845 378 983 417 codice
1013 378 1178 429 antiquo
1222 378 1289 417 Al.
1322 369 1546 432 Guarinus
1570 393 1571 396 ¹

238 458 241 462 ·
298 447 340 481 et
367 442 543 481 Perrius
572 442 680 494 apud
708 443 1016 481 Lachmannum
1051 443 1227 492 spatium
1256 441 1538 492 deprehende-

298 511 397 547 runt
442 519 619 547 vacuum
662 511 752 559 post
781 519 944 547 versum
975 499 1454 560 decimum)‚'quaeritur
1483 518 1544 546 an‘

299 584 392 611 cum
435 572 575 612 decem
617 573 825 623 prioribus
868 571 1059 611 versibus
1103 576 1188 611 tres
1232 572 1425 622 postremi
1454 571 1538 611 sint

299 637 576 688 coniungendi
596 650 804 689 unumque
824 649 993 677 carmen
1013 636 1206 676 efficiant.
1236 636 1405 678 Codices
1428 637 1545 676 eninr

299 701 375 741 hos
405 714 550 742 versus
579 702 656 742 hoc
685 701 803 742 modo
834 702 1009 760 scriptos
1038 702 1264 754 praebent:

354 832 373 856 <1
398 821 534 857 Passer
560 820 712 857 deliciae
738 832 842 856 meae
861 820 1008 867 puellae
1022 821 1069 847 —'
1085 821 1241 865 Quicum
1257 822 1399 867 ludere,
1427 832 1545 867 quemv
1567 811 1572 815 ”

298 881 336 916 in
362 881 443 917 sinu
468 879 595 916 tenere
620 899 670 907 —
694 881 787 920 Quoi
810 881 970 926 primum
988 880 1143 926 digitum
1169 882 1258 917 dare
1285 881 1472 927 adpetenti
1488 900 1538 909 -

300 938 463 975 Et.acris
480 939 574 975 solet
598 938 751 974 incitare
770 948 913 974 morsus
930 957 979 965 —-
997 938 1090 974 Cum
1107 939 1292 975 desiderio
1309 950 1393 974 meo
1405 938 1539 975 nitenti
1569 935 1574 939 ’

286 1017 349 1042 .,-
367 998 503 1034 Carum
520 997 732 1043 nescioquid
750 997 839 1033 libet
857 997 974 1033 iocari
998 1016 1044 1024 —
1071 997 1119 1034 Et
1145 997 1359 1033 solaciolum
1392 997 1450 1034 sui
1474 998 1546 1034 do-

300 1058 392 1093 loris
417 1078 466 1085 —
491 1058 609 1093 Credo
644 1069 727 1092 cum
759 1058 886 1103 gravis
921 1058 1128 1102 acquiescat
1153 1060 1284 1094 ardor.
1321 1078 1371 1086 —
1402 1053 1541 1094 Tecum

300 1118 432 1153 ludere
458 1117 553 1153 sicut
578 1118 655 1163 ipsa
680 1127 825 1163 possem
851 1116 898 1152 Et
923 1116 1038 1152 tristis
1065 1116 1177 1152 animi
1202 1116 1329 1151 levare
1355 1126 1462 1152 curas
1489 1135 1540 1166 7—

302 1203 860 1213 ..........
885 1196 932 1203 -
967 1176 1061 1211 Tam
1094 1180 1280 1222 gratumst
1308 1176 1399 1211 mihi
1429 1187 1543 1222 quam

300 1236 427 1271 ferunt
452 1236 610 1283 puellae.
632 1255 676 1261 —
703 1235 849 1270 Pernici
866 1235 1058 1271 aureolum
1075 1235 1185 1271 fuisse
1204 1235 1343 1270 malum
1368 1254 1415 1262 —
1433 1236 1539 1278 Quod

300 1307 430 1331 zonam
457 1295 569 1332 soluit
585 1295 647 1331 diu
673 1295 841 1341 ligatam.
873 1308 891 1328 ›>

355 1410 521 1451 Utinam
550 1409 705 1461 aliquid
748 1409 797 1448 de
839 1409 972 1448 tribus
1014 1409 1080 1448 his
1113 1409 1311 1460 potremis
1346 1409 1550 1448 versibus-

303 1474 563 1525 exploratum
605 1473 829 1513 haberem!
876 1473 1033 1513 Horum
1077 1473 1325 1512 mentionem
1354 1473 1457 1512 facit
1486 1485 1545 1512 ex
1608 1482 1614 1485 Α

301 1540 517 1580 veteribus
546 1539 788 1579 Priscianus
819 1538 916 1590 (546
944 1539 993 1578 Ρ.
1018 1538 1115 1585 1,16
1144 1537 1207 1577 ed.
1239 1538 1348 1589 Keil)
1382 1554 1403 1575 «
1426 1538 1551 1578 Simi--

305 1605 445 1644 «liter
473 1619 495 1641 »
542 1605 598 1643 ait
644 1619 665 1639 «
704 1603 890 1642 Catullus
927 1603 1182 1642 Veronensis
1224 1603 1341 1654 quod
1389 1614 1541 1642 zonam

304 1685 326 1706 ‹<
346 1669 480 1709 soluit
515 1669 697 1720 lz’yatam
739 1669 845 1707 inter
887 1667 1256 1719 hendecasyllabos
1301 1667 1542 1719 phalaecios

304 1750 326 1771 «
345 1734 491 1786 posuit,
525 1745 624 1785 ergo
644 1734 722 1772 nisi
742 1732 863 1772 soluit
881 1732 1143 1784 trisyllabum
1172 1732 1366 1783 accipias,
1388 1744 1540 1771 versus

303 1815 326 1836 «
347 1802 459 1838 stare
487 1810 567 1838 non
600 1799 741 1849 possit.
776 1814 797 1834 »
828 1796 905 1837 Sed
948 1798 1153 1837 Prisciani
1194 1796 1325 1837 verba
1352 1796 1458 1855 nihil
1488 1795 1548 1836 a&

301 1881 389 1908 rem
420 1867 491 1922 (1).
524 1869 665 1919 Itaque
695 1868 962 1914 recentiores,
992 1878 1115 1918 quum
1142 1866 1302 1905 vellent
1330 1869 1415 1905 tres
1443 1877 1540 1905 ver·

301 1934 455 1973 siculos
483 1934 527 1971 in
549 1932 686 1972 sedem
705 1944 821 1971 suam
839 1943 1057 1983 reponere,
1080 1931 1152 1971 alii
1170 1929 1285 1969 aliud
1304 1934 1548 1977 senserunt„

345 2105 393 2147 (l)
417 2104 577 2137 Ceterum
599 2104 809 2136 mentionem
832 2102 995 2136 carminis
1019 2102 1154 2135 faciunt
1177 2102 1267 2144 apud
1291 2104 1422 2134 veteres
1452 2102 1548 2134 Atil..

300 2158 571 2192 Fortunatiauus
594 2158 657 2191 318
681 2157 730 2190 G:
766 2168 786 2189 ‹
808 2159 847 2189 ut
869 2156 959 2199 apud
982 2155 1159 2190 Catullum
1181 2155 1492 2199 hendecasyllabus
1515 2165 1537 2188 a

301 2213 450 2256 spondeo
479 2224 493 2243 α
510 2212 818 2255 Passer-puellae.
843 2211 935 2243 Idem
959 2213 1081 2244 auctor
1101 2210 1188 2244 2698
1214 2210 1258 2243 P.'
1276 2210 1340 2243 350
1357 2210 1397 2243 G.
1418 2222 1434 2241 u
1449 2208 1548 2243 Ecce

300 2269 338 2299 et
359 2265 600 2309 phalaecium3
624 2269 755 2309 partem
778 2265 925 2306 primam
948 2264 989 2297 de
1012 2264 1200 2306 antispasto
1222 2264 1328 2297 habet
1343 2266 1382 2297 ut
1397 2264 1551 2302 Pas-sem

294 2321 458 2364 puellae.
473 2331 492 2353 ›
517 2319 722 2354 Censorinus
744 2320 786 2354 de
808 2309 929 2353 Meti-is
950 2318 1036 2353 2727
1063 2319 1115 2359 Ρ.,
1131 2319 1175 2353 27
1201 2318 1309 2360 Iahn.,
1334 2315 1547 2351 Phalaecius
1586 2332 1590 2337 ·

299 2376 607 2418 Passer-puellae.
