1815 2973
345 152 386 186 14
723 160 770 185 At>
791 146 975 187 camum
996 153 1030 192 2,
1043 152 1107 186 7-8

406 230 480 271 VI.
513 230 573 270 De
601 231 748 270 octavo
775 241 902 270 versu
921 229 1074 288 Catulli
1093 213 1313 274 hactenus.
1347 231 1465 272 Nunc
1485 231 1534 272 de
1558 199 1572 255 ,τ
1592 212 1609 251 s

292 294 478 348 septimo.
511 293 590 341 Qui
618 305 780 341 versus,
810 304 894 335 -uon
923 293 1026 335 adeo
1067 292 1253 347 pulcher,
1283 305 1366 335 non
1396 296 1534 338 tamen

296 359 498 400 abhorret
524 358 576 399 ab
605 362 697 399 arte
724 362 767 399 et
799 360 967 411 ingenio
1010 359 1273 406 Catulliano;
1318 363 1535 411 praeterea

295 418 489 476 congruit
517 424 733 477 sententia,
763 423 958 476 Namque,
988 427 1034 464 ut
1063 422 1114 463 de
1143 434 1265 463 sensu
1291 424 1416 464 totius
1441 424 1535 478 poe·

259 492 261 497 '
296 489 417 530 matis
445 500 574 542 pauca
603 501 808 539 moneam,
839 501 919 530 nec
937 490 1143 529 assentior
1171 489 1254 529 illis
1282 491 1366 542 qui,
1398 495 1444 530 ut
1470 502 1535 529 su-

295 565 374 606 pra
400 553 635 600 innuebam,
667 553 742 593 suh
772 553 936 593 nomine
971 554 1169 605 passeris
1197 553 1308 594 aliud
1340 553 1437 608 quid
1468 567 1536 595 su-

294 619 416 660 besse
442 618 606 664 volunt:
636 630 714 659 nec
744 618 827 658 illis
855 619 926 670 qui
954 630 1046 659 cum
1080 618 1303 659 Corradino
1331 619 1388 659 De
1425 618 1533 660 Allio
1572 626 1578 631 “

291 684 536 724 existimant
565 683 773 724 Catullum
802 683 957 734 alloqui
994 694 1202 734 passerem
1238 686 1533 736 aeyrotantem

296 747 491 795 Lesbiae;
521 758 600 788 nec
629 746 713 786 illis
743 746 812 800 qui
841 759 934 787 cum
964 747 1135 787 Heinsio
1164 747 1420 788 arbitrantur
1438 760 1533 801 poe-

293 817 380 853 tam
408 812 616 864 passerem
644 811 751 851 dono
780 824 804 850 a
834 812 971 862 puella
1001 813 1231 864 accepisse3
1279 824 1414 863 neque
1447 813 1530 851 illis

294 877 365 930 qui
392 888 485 918 cum
514 876 738 929 Doeringio
768 876 991 929 opinantur
1019 880 1181 928 poetam
1201 876 1421 917 decantare
1441 890 1534 930 pas-

294 954 429 982 serem
457 941 630 980 Lesbiae
659 940 708 980 ad
739 941 826 979 eius
855 952 980 980 aures
1009 940 1316 992 permulcendas
1336 942 1532 992 gratiam·

294 1018 376 1059 que
404 1003 660 1058 captandam.
692 1004 791 1044 Illos
820 1005 889 1056 qui
917 1005 1036 1057 primi
1065 1005 1264 1045 nominati
1293 1009 1388 1045 sunt
1408 1018 1531 1059 supra

234 1088 239 1091 “
295 1069 506 1123 redargui.
552 1069 790 1121 Opinionem
820 1081 974 1116 eorum,
1005 1081 1105 1121 quos
1135 1070 1316 1119 secundo
1344 1070 1434 1111 loco
1462 1082 1532 1111 no-

295 1135 466 1182 minavi,
498 1134 699 1174 somnium
728 1146 885 1174 merum
915 1138 1021 1187 puto,
1051 1137 1268 1187 propterea
1296 1135 1403 1187 quod
1422 1136 1528 1175 nihil

295 1200 352 1241 ihi
381 1198 433 1241 ad
460 1211 670 1253 passerem
713 1199 972 1251 nescioquem
1014 1203 1296 1251 aegrotantem
1325 1202 1526 1253 pertinet3

294 1265 481 1305 Catullus
508 1276 621 1311 vero,
651 1265 684 1303 si
713 1276 781 1304 res
811 1264 866 1303 ita
895 1275 987 1304 sese
1021 1264 1209 1310 haberet,
1240 1264 1388 1305 malam
1416 1266 1530 1306 vale-

290 1329 477 1370 tudinem
518 1329 700 1382 passeris
743 1328 962 1369 miseratus
1015 1333 1147 1376 esset,
1187 1329 1526 1380 quemadmodum

289 1398 436 1447 postea
464 1394 507 1433 in
536 1394 721 1434 carmine
749 1393 884 1439 tertio,
915 1405 940 1432 a
969 1393 1099 1445 primo
1115 1393 1210 1433 inde
1225 1406 1350 1433 versu
1372 1394 1424 1433 ad
1442 1406 1530 1446 pos-

293 1463 483 1506 tremum,
516 1457 694 1499 eiusdem
723 1461 897 1499 mortem
917 1461 980 1498 est
994 1457 1257 1498 lamentatus.
1289 1458 1529 1500 Hariolatur

286 1529 429 1565 autem
457 1525 670 1569 Heinsius3
715 1527 855 1576 aperte
894 1524 1004 1562 enim
1032 1526 1074 1562 et
1100 1535 1175 1576 per
1202 1526 1330 1563 totum
1359 1535 1527 1564 carmen

290 1594 411 1644 poeta
440 1589 611 1642 gratias,
641 1592 687 1628 ut
714 1601 788 1641 par
831 1592 933 1635 erat,
980 1589 1132 1641 egisset
1170 1589 1339 1635 amicae,
1372 1601 1456 1628 non
1486 1591 1526 1629 in

286 1667 372 1695 uno
402 1658 559 1694 tantum
586 1665 714 1693 versu
747 1653 817 1706 qui
843 1656 934 1705 post
960 1656 1148 1692 octavum
1177 1652 1284 1692 forte
1313 1652 1523 1694 exciderit.

289 1719 408 1766 Quod
441 1718 616 1772 denique
644 1718 888 1771 Doeringius
926 1716 1121 1764 affirmat,
1157 1729 1233 1757 nec
1275 1717 1409 1757 refelli
1448 1730 1527 1758 nec

275 1785 459 1836 .·probari
486 1795 606 1835 posse
635 1783 734 1822 mihi
763 1782 940 1821 videtur.
1424 1788 1429 1795 ·

347 1847 435 1901 Ego
458 1860 558 1888 vero
587 1846 637 1887 de
666 1859 789 1888 sensu
828 1847 1024 1887 carminis
1066 1846 1124 1885 sic
1169 1820 1315 1886 sentio,
1346 1848 1525 1888 Carmen

287 1913 394 1953 mihi
421 1912 584 1953 videtur
612 1911 741 1951 fuisse
769 1911 1042 1964 conscriptum
1062 1921 1111 1951 eo
1128 1913 1310 1963 tempore
1336 1922 1414 1964 quo
1428 1911 1527 1963 face

287 1977 455 2031 quidem
483 1980 649 2024 mutua,
681 1978 716 2016 si
744 1976 841 2017 licet
872 1975 1112 2016 Horatianis
1140 1976 1214 2023 uti,
1237 1976 1317 2015 iam
1338 1976 1525 2016 Catullus

288 2046 412 2096 atque
442 2041 584 2081 Clodia
611 2042 886 2088 torrebantur,
907 2052 1030 2092 quum
1051 2043 1187 2079 tamen
1206 2043 1348 2092 poetae
1372 2041 1525 2081 amanti

290 2119 374 2147 non
400 2106 482 2147 nisi
511 2106 648 2147 oblata
677 2105 785 2146 forte
814 2105 1041 2152 occasione,
1075 2105 1162 2145 sive
1181 2104 1309 2145 amico
1336 2100 1524 2159 quopiam

278 2182 447 2213 ‘morem
488 2171 552 2212 illi
579 2175 751 2224 gerente
781 2171 868 2211 sive
896 2170 977 2210 alio
1012 2170 1155 2222 quovis
1193 2168 1311 2210 modo
1338 2170 1523 2222 locoque,

281 2237 515 2278 convenire
535 2236 714 2290 puellam
740 2235 910 2283 liceret3
943 2235 986 2275 in
1005 2247 1082 2288 quo
1102 2234 1380 2287 subreptieio,
1404 2246 1528 2289 quem

285 2302 527 2344 Planesium
554 2303 747 2343 Plautina
765 2305 895 2350 vocat,
918 2314 1074 2350 amore,
1093 2301 1214 2341 nimis
1232 2313 1353 2353 saepe
1377 2305 1523 2354 poetae

284 2368 467 2420 puellam
497 2367 692 2421 congredi
720 2367 898 2421 cupienti
918 2378 1144 2420 congressu
1166 2370 1355 2420 exoptato
1375 2377 1523 2407 carere
