1815 2973
456 169 469 189 ÷·
571 198 627 225 me
639 158 840 227 romanens
830 196 905 223 τιτι
925 197 999 225 un
1021 187 1074 231 21,
1093 189 1171 224 1-20
1306 196 1309 199 ·
1402 188 1447 221 79

129 248 245 315 “³2:22
238 272 449 329 tempore
467 248 724 327 exposuisset
751 278 852 306 nec
862 259 945 307 tam
973 267 1093 321 plene
1119 269 1263 321 postea
1291 266 1340 306 de
1368 266 1490 306 bellis

138 364 143 371 .
191 327 193 330 ’
232 328 500 387 'Hannibalis
533 332 678 373 contra
716 329 888 372 Olcades
921 333 1131 374 Vaccaeos
1160 336 1202 373 et
1233 333 1490 385 Carpetanos

250 397 435 442 dixisset.
472 397 650 438 Videtur
680 397 806 449 igitur
835 400 979 438 auctor
1007 398 1078 438 hic
1107 397 1374 451 descripsisse
1402 396 1492 439 bel-

143 458 147 462 *
201 479 204 483 ·
249 465 334 504 lum
376 463 570 517 punicum
612 461 862 511 secundum,
900 464 1110 516 prooemio
1152 463 1399 516 praemisso,
1443 463 1486 503 in

250 541 329 582 quo
363 528 414 568 de
447 528 572 567 rebus
615 529 660 566 in
689 528 887 580 Hispania
916 539 941 565 a
969 527 1135 567 ducibus
1165 528 1481 579 Carthaginien-

251 594 356 634 sium
391 593 519 647 gestis
548 593 731 633 breviter
773 593 922 646 egerit,
964 596 1010 633 ut
1049 592 1198 633 lectori
1238 592 1395 633 scilicet
1422 605 1487 633 sa-

199 654 205 663 '
251 659 491 705 tisfaceret,
523 659 592 710 qui
635 662 730 698 ante
772 671 841 697 res
885 670 959 710 per
986 658 1138 697 bellum
1185 660 1319 709 ipsum
1357 662 1490 710 gestas

253 735 383 776 aequo
412 723 502 763 iure
531 722 580 764 de
610 723 793 764 consiliis
823 727 863 764 et
891 724 1053 777 origine
1081 724 1186 763 tanti
1214 722 1312 764 belli
1332 724 1487 776 aliquid

256 785 482 842 significari
524 789 713 828 volebat:
757 801 902 828 nonne·
944 801 1012 829 res
1060 787 1158 828 illae
1205 789 1248 828 in
1291 788 1488 842 Hispania

216 853 218 855 ’
257 859 396 907 gestae
430 854 651 895 secundum
692 855 847 896 bellum
888 856 1085 908 punicum
1126 855 1388 907 genuerunt?
1430 855 1482 894 Et

257 931 405 958 revera
436 932 559 971 quum
590 921 631 958 in
660 922 859 972 principio
889 920 1054 960 decadis
1095 920 1244 959 tertiae
1288 919 1488 959 Livianae

256 984 348 1038 lego
378 985 482 1025 ista:
516 1001 537 1022 <‹
568 986 615 1025 In
642 984 759 1038 parte
789 987 923 1039 operis
951 987 1030 1025 mei
1059 985 1155 1025 licet
1174 986 1274 1025 mihi
1295 985 1490 1038 praefari,

262 1066 282 1087 «
311 1051 426 1100 quod
456 1051 503 1090 in
527 1051 752 1102 principio
767 1063 975 1105 ,summae
1003 1052 1135 1091 totius
1169 1051 1371 1103 professi
1392 1052 1495 1103 ple-

262 1131 283 1151 «
311 1117 435 1168 rique
476 1120 576 1156 sunt
617 1128 764 1158 rerum
807 1117 1069 1169 scriptores,
1111 1116 1264 1156 bellum
1313 1116 1492 1156 maxime

261 1197 281 1217 <
314 1182 492 1221 o'mnium
522 1183 787 1222 memorabile
815 1197 837 1219 »
880 1187 955 1222 etc.
1000 1186 1075 1221 etc.
1105 1182 1235 1221 sentio
1265 1181 1491 1233 significari

258 1247 498 1299 scriptorem
529 1260 612 1287 non
640 1259 779 1288 rerum
808 1249 1092 1289 Romanarum
1120 1246 1312 1294 omnium,
1334 1246 1403 1287 sed
1431 1258 1493 1287 se-

258 1312 379 1351 cundi
407 1312 506 1352 beni
534 1301 717 1352 Punici.¹

63 1429 66 1434 .
302 1377 394 1416 ‘Iste
423 1365 557 1417 autem
587 1378 808 1427 Romanus,
839 1379 1037 1420 historiae
1079 1378 1128 1419 de
1169 1377 1275 1419 bello
1312 1376 1491 1418 secundo

0 1471 44 1497 3
257 1443 402 1494 punico
423 1443 599 1495 scriptae
620 1448 764 1484 auctor
782 1445 872 1497 quis
894 1445 1022 1484 fuerit
1051 1444 1176 1484 facile
1201 1448 1261 1483 est
1290 1445 1459 1483 inventu
1480 1455 1490 1481 τ

6 1514 16 1523 ”
258 1520 364 1547 unus
380 1509 571 1556 omnium,
589 1514 782 1561 quantum
801 1511 964 1556 scimus,
979 1510 1148 1562 reliquit
1164 1508 1269 1562 apud
1285 1510 1491 1549 Romanos

257 1584 357 1625 opus
386 1575 498 1614 cuius
526 1578 811 1627 argumentum
849 1580 939 1615 erat
979 1574 1134 1615 bellum
1177 1575 1376 1614 Punicum
1419 1587 1491 1613 se-

258 1638 461 1685 cundum,
506 1641 560 1679 L.
590 1640 749 1679 Coelius
790 1641 1031 1692 Antipater,
1083 1641 1288 1693 prooemio
1331 1652 1490 1691 quoque

226 1706 229 1709 “
259 1704 482 1759 praemisso
511 1702 582 1758 (cf.
618 1706 763 1746 Cicero
804 1704 922 1746 Orat.
959 1706 1140 1752 69230:
1175 1722 1193 1740 ‹
1217 1705 1323 1756 quod
1353 1718 1397 1745 se
1436 1706 1486 1744 L.

210 1801 212 1803 .
260 1784 280 1803 -x
314 1768 491 1809 Caelius
510 1771 737 1820 Antipater
765 1771 811 1810 in
832 1771 1059 1821 prooemio
1099 1770 1200 1810 belli
1225 1770 1383 1820 punici
1410 1771 1491 1808 nisi

260 1848 281 1869 «
313 1835 548 1875 necessario
578 1835 780 1875 facturum
809 1840 946 1887 negat.
976 1835 1075 1875 »·Id
1104 1836 1371 1878 estsecundz·
1388 1835 1492 1876 belli

254 1899 434 1951 punici,·
480 1901 521 1940 in
562 1913 649 1941 una
688 1902 799 1941 enim
847 1902 975 1943 tertia
1020 1900 1171 1942 decade
1210 1901 1349 1943 Coelio
1394 1915 1492 1941 usus

258 1970 322 2004 est
348 1965 522 2019 Livius).
568 1967 792 2006 Praeterea
835 1980 962 2006 unum
1006 1968 1185 2021 omnium
1227 1968 1404 2006 maxime
1446 1968 1491 2007 L.

258 2030 439 2070 Coelium
470 2030 732 2082 Antipatrum
762 2033 862 2072 citat
890 2032 1057 2072 nomine
1079 2032 1219 2071 Livius
1239 2044 1313 2084 per
1332 2044 1492 2071 omnem

258 2096 422 2134 tertiam
465 2095 688 2144 decadem,
734 2097 946 2150 (undecies
989 2098 1134 2148 21,38.
1175 2097 1309 2144 2¹,46.
1343 2097 1488 2143 21‚47.

257 2159 392 2208 2231.
415 2160 522 2210 23,6.
546 2161 684 2211 26,11,
708 2162 846 2210 2227.
866 2163 1005 2211 28,46.
1026 2163 1163 2212 2925.
1185 2163 1326 2211 2927.
1350 2162 1485 2210 29‚35.

256 2225 472 2266 Valerium
501 2227 710 2267 Antiatem
740 2230 889 2277 octies,
912 2230 1040 2269 semel
1079 2227 1266 2269 Cincium
1289 2222 1491 2269 'Alimen-

191 2325 197 2331 ,
256 2294 355 2336 tum,
385 2291 558 2332 Fabium
577 2294 801 2341 Pictorem,
824 2294 1050 2342 Claudium,
1074 2295 1272 2340 Pisonem,
1291 2293 1488 2342 Silenum,

258 2355 444 2397 Clodium
475 2358 672 2406 Licinum,
704 2360 932 2412 Polybium.
971 2360 1099 2413 Saepe
1137 2364 1271 2400 autem
1314 2360 1490 2401 eundem

193 2448 197 2452 -
258 2422 441 2465 Coelium
471 2424 646 2479 intelligi
675 2426 745 2466 ubi
774 2426 910 2467 Livius
941 2439 1024 2467 non
1055 2426 1214 2468 adiecto
1233 2426 1397 2468 nomine
1427 2426 1490 2467 hi-
