<?xml version="1.0" encoding="UTF-8"?>
<!DOCTYPE html PUBLIC "-//W3C//DTD XHTML 1.0 Transitional//EN"
    "http://www.w3.org/TR/xhtml1/DTD/xhtml1-transitional.dtd">
<html xmlns="http://www.w3.org/1999/xhtml" xml:lang="en" lang="en">
 <head>
  <title>
</title>
<meta http-equiv="Content-Type" content="text/html;charset=utf-8" />
  <meta name='ocr-system' content='tesseract 3.04.00' />
  <meta name='ocr-capabilities' content='ocr_page ocr_carea ocr_par ocr_line ocrx_word'/>
</head>
<body>
  <div class='ocr_page' id='page_1' title='image "4737923_0047.png"; bbox 0 0 1815 2973; ppageno 0'>
   <div class='ocr_carea' id='block_1_1' title="bbox 0 0 1200 629">
    <p class='ocr_par' dir='ltr' id='par_1_1' title="bbox 0 0 1200 629">
     <span class='ocr_line' id='line_1_1' title="bbox 0 0 1200 629; baseline 0 0"><span class='ocrx_word' id='word_1_1' title='bbox 0 0 1200 629; x_wconf 95' lang='lat' dir='ltr'>    </span> 
     </span>
    </p>
   </div>
   <div class='ocr_carea' id='block_1_2' title="bbox 0 2472 130 2973">
    <p class='ocr_par' dir='ltr' id='par_1_2' title="bbox 0 2472 130 2973">
     <span class='ocr_line' id='line_1_2' title="bbox 0 2472 130 2973; baseline 0 0"><span class='ocrx_word' id='word_1_2' title='bbox 0 2472 130 2973; x_wconf 95' lang='lat' dir='ltr'> </span> 
     </span>
    </p>
   </div>
   <div class='ocr_carea' id='block_1_3' title="bbox 0 567 52 1297">
    <p class='ocr_par' dir='ltr' id='par_1_3' title="bbox 0 567 52 1297">
     <span class='ocr_line' id='line_1_3' title="bbox 0 567 52 1297; textangle 90"><span class='ocrx_word' id='word_1_3' title='bbox 8 1289 13 1297; x_wconf 63' lang='lat'><em>⁴</em></span> <span class='ocrx_word' id='word_1_4' title='bbox 0 618 52 1237; x_wconf 40' lang='lat' dir='ltr'>“W‘iffii&#39;ffiffl‘ffffiw*</span> <span class='ocrx_word' id='word_1_5' title='bbox 19 567 44 602; x_wconf 67' lang='grc'>-.»;;.</span> 
     </span>
    </p>
   </div>
   <div class='ocr_carea' id='block_1_4' title="bbox 0 2038 57 2136">
    <p class='ocr_par' dir='ltr' id='par_1_4' title="bbox 0 2038 57 2136">
     <span class='ocr_line' id='line_1_4' title="bbox 0 2038 57 2136; baseline 0 837"><span class='ocrx_word' id='word_1_6' title='bbox 0 2038 57 2136; x_wconf 95' lang='lat' dir='ltr'> </span> 
     </span>
    </p>
   </div>
   <div class='ocr_carea' id='block_1_5' title="bbox 699 196 1475 252">
    <p class='ocr_par' dir='ltr' id='par_1_5' title="bbox 699 196 1475 252">
     <span class='ocr_line' id='line_1_5' title="bbox 699 196 1475 252; baseline 0.001 -8"><span class='ocrx_word' id='word_1_7' title='bbox 699 221 745 244; x_wconf 68' lang='lat' dir='ltr'>an</span> <span class='ocrx_word' id='word_1_8' title='bbox 765 196 949 246; x_wconf 57' lang='lat' dir='ltr'>cuunwn</span> <span class='ocrx_word' id='word_1_9' title='bbox 970 210 1025 252; x_wconf 67' lang='lat'>683</span> <span class='ocrx_word' id='word_1_10' title='bbox 1037 212 1082 246; x_wconf 87' lang='lat'>60</span> <span class='ocrx_word' id='word_1_11' title='bbox 1432 213 1475 245; x_wconf 87' lang='grc'>37</span> 
     </span>
    </p>
   </div>
   <div class='ocr_carea' id='block_1_6' title="bbox 274 290 1517 686">
    <p class='ocr_par' dir='ltr' id='par_1_6' title="bbox 274 290 1517 686">
     <span class='ocr_line' id='line_1_6' title="bbox 279 290 1517 338; baseline -0.001 -12"><span class='ocrx_word' id='word_1_12' title='bbox 279 299 382 326; x_wconf 87' lang='lat' dir='ltr'>scoso</span> <span class='ocrx_word' id='word_1_13' title='bbox 397 290 545 338; x_wconf 81' lang='lat' dir='ltr'><strong>prosilit</strong></span> <span class='ocrx_word' id='word_1_14' title='bbox 559 302 581 327; x_wconf 91' lang='lat' dir='ltr'>e</span> <span class='ocrx_word' id='word_1_15' title='bbox 606 290 740 338; x_wconf 87' lang='lat' dir='ltr'>lapide,</span> <span class='ocrx_word' id='word_1_16' title='bbox 767 308 816 317; x_wconf 91' lang='lat'>—</span> <span class='ocrx_word' id='word_1_17' title='bbox 837 290 906 332; x_wconf 87' lang='lat' dir='ltr'>Qui</span> <span class='ocrx_word' id='word_1_18' title='bbox 930 300 1015 327; x_wconf 89' lang='lat' dir='ltr'>cum</span> <span class='ocrx_word' id='word_1_19' title='bbox 1039 290 1085 326; x_wconf 91' lang='lat' dir='ltr'>de</span> <span class='ocrx_word' id='word_1_20' title='bbox 1109 300 1226 337; x_wconf 87' lang='lat' dir='ltr'>prona</span> <span class='ocrx_word' id='word_1_21' title='bbox 1258 301 1436 338; x_wconf 86' lang='lat' dir='ltr'>praeceps</span> <span class='ocrx_word' id='word_1_22' title='bbox 1460 294 1517 325; x_wconf 87' lang='lat' dir='ltr'>est</span> 
     </span>
     <span class='ocr_line' id='line_1_7' title="bbox 278 349 1517 397; baseline 0 -12"><span class='ocrx_word' id='word_1_23' title='bbox 278 349 379 386; x_wconf 83' lang='lat' dir='ltr'>valle</span> <span class='ocrx_word' id='word_1_24' title='bbox 406 350 566 396; x_wconf 86' lang='lat' dir='ltr'>volutus,</span> <span class='ocrx_word' id='word_1_25' title='bbox 586 370 635 377; x_wconf 95' lang='lat'><strong>—</strong></span> <span class='ocrx_word' id='word_1_26' title='bbox 650 351 725 386; x_wconf 90' lang='lat' dir='ltr'>Per</span> <span class='ocrx_word' id='word_1_27' title='bbox 748 350 910 387; x_wconf 89' lang='lat' dir='ltr'>medium</span> <span class='ocrx_word' id='word_1_28' title='bbox 936 350 1041 387; x_wconf 90' lang='lat' dir='ltr'>densi</span> <span class='ocrx_word' id='word_1_29' title='bbox 1063 350 1193 387; x_wconf 81' lang='lat' dir='ltr'><strong>transit</strong></span> <span class='ocrx_word' id='word_1_30' title='bbox 1216 350 1289 386; x_wconf 87' lang='lat' dir='ltr'>iter</span> <span class='ocrx_word' id='word_1_31' title='bbox 1304 349 1452 397; x_wconf 63' lang='lat' dir='ltr'>populi,&gt;</span> <span class='ocrx_word' id='word_1_32' title='bbox 1467 368 1517 377; x_wconf 93' lang='lat'><em>-</em></span> 
     </span>
     <span class='ocr_line' id='line_1_8' title="bbox 278 408 1513 456; baseline -0.001 -11"><span class='ocrx_word' id='word_1_33' title='bbox 278 408 394 445; x_wconf 84' lang='lat' dir='ltr'>Dulce</span> <span class='ocrx_word' id='word_1_34' title='bbox 420 410 551 446; x_wconf 86' lang='lat' dir='ltr'>viatori</span> <span class='ocrx_word' id='word_1_35' title='bbox 586 410 686 446; x_wconf 87' lang='lat' dir='ltr'>lasso</span> <span class='ocrx_word' id='word_1_36' title='bbox 726 410 764 445; x_wconf 90' lang='lat' dir='ltr'>in</span> <span class='ocrx_word' id='word_1_37' title='bbox 806 411 938 446; x_wconf 91' lang='lat' dir='ltr'>sudore</span> <span class='ocrx_word' id='word_1_38' title='bbox 979 410 1165 456; x_wconf 82' lang='lat' dir='ltr'>levamen,</span> <span class='ocrx_word' id='word_1_39' title='bbox 1195 429 1242 436; x_wconf 91' lang='lat'>—</span> <span class='ocrx_word' id='word_1_40' title='bbox 1267 410 1360 446; x_wconf 93' lang='lat' dir='ltr'>Cum</span> <span class='ocrx_word' id='word_1_41' title='bbox 1384 409 1513 456; x_wconf 84' lang='lat' dir='ltr'>gravis</span> 
     </span>
     <span class='ocr_line' id='line_1_9' title="bbox 278 469 1511 518; baseline 0.001 -13"><span class='ocrx_word' id='word_1_42' title='bbox 278 473 435 506; x_wconf 83' lang='lat' dir='ltr'>exustos</span> <span class='ocrx_word' id='word_1_43' title='bbox 454 474 575 507; x_wconf 85' lang='lat' dir='ltr'>aestus</span> <span class='ocrx_word' id='word_1_44' title='bbox 597 469 740 507; x_wconf 85' lang='lat' dir='ltr'>hiulcat</span> <span class='ocrx_word' id='word_1_45' title='bbox 764 480 897 518; x_wconf 85' lang='lat' dir='ltr'>agros:</span> <span class='ocrx_word' id='word_1_46' title='bbox 923 490 971 497; x_wconf 97' lang='lat'><strong>—</strong></span> <span class='ocrx_word' id='word_1_47' title='bbox 1007 471 1077 506; x_wconf 90' lang='lat' dir='ltr'>Hic</span> <span class='ocrx_word' id='word_1_48' title='bbox 1101 470 1206 506; x_wconf 88' lang='lat' dir='ltr'>velut</span> <span class='ocrx_word' id='word_1_49' title='bbox 1229 471 1268 506; x_wconf 93' lang='lat' dir='ltr'>in</span> <span class='ocrx_word' id='word_1_50' title='bbox 1291 470 1401 517; x_wconf 86' lang='lat' dir='ltr'>nigro</span> <span class='ocrx_word' id='word_1_51' title='bbox 1426 470 1511 506; x_wconf 88' lang='lat' dir='ltr'>iac-</span> 
     </span>
     <span class='ocr_line' id='line_1_10' title="bbox 278 529 1511 577; baseline 0.001 -12"><span class='ocrx_word' id='word_1_52' title='bbox 278 530 365 566; x_wconf 85' lang='lat' dir='ltr'>tatis</span> <span class='ocrx_word' id='word_1_53' title='bbox 389 529 534 566; x_wconf 80' lang='lat' dir='ltr'>turbine</span> <span class='ocrx_word' id='word_1_54' title='bbox 558 530 682 566; x_wconf 80' lang='lat' dir='ltr'>nautis</span> <span class='ocrx_word' id='word_1_55' title='bbox 699 531 896 567; x_wconf 91' lang='lat' dir='ltr'>—Lenius</span> <span class='ocrx_word' id='word_1_56' title='bbox 913 530 1079 577; x_wconf 82' lang='lat' dir='ltr'><strong>aspirans</strong></span> <span class='ocrx_word' id='word_1_57' title='bbox 1106 541 1198 567; x_wconf 86' lang='lat' dir='ltr'>aura</span> <span class='ocrx_word' id='word_1_58' title='bbox 1223 532 1383 567; x_wconf 90' lang='lat' dir='ltr'>secunda</span> <span class='ocrx_word' id='word_1_59' title='bbox 1406 531 1511 566; x_wconf 81' lang='lat' dir='ltr'>venit</span> 
     </span>
     <span class='ocr_line' id='line_1_11' title="bbox 275 589 1510 637; baseline 0.002 -13"><span class='ocrx_word' id='word_1_60' title='bbox 275 607 326 616; x_wconf 94' lang='lat'>—</span> <span class='ocrx_word' id='word_1_61' title='bbox 340 589 419 624; x_wconf 90' lang='lat' dir='ltr'>Iam</span> <span class='ocrx_word' id='word_1_62' title='bbox 443 600 553 635; x_wconf 84' lang='lat' dir='ltr'><strong>prece</strong></span> <span class='ocrx_word' id='word_1_63' title='bbox 578 590 739 626; x_wconf 82' lang='lat' dir='ltr'>Pollucis</span> <span class='ocrx_word' id='word_1_64' title='bbox 766 590 840 626; x_wconf 88' lang='lat' dir='ltr'>iam</span> <span class='ocrx_word' id='word_1_65' title='bbox 867 590 1031 626; x_wconf 83' lang='lat' dir='ltr'>Castoris</span> <span class='ocrx_word' id='word_1_66' title='bbox 1056 590 1253 637; x_wconf 87' lang='lat' dir='ltr'>implorata</span> <span class='ocrx_word' id='word_1_67' title='bbox 1270 612 1316 618; x_wconf 93' lang='lat'>—</span> <span class='ocrx_word' id='word_1_68' title='bbox 1329 590 1421 627; x_wconf 89' lang='lat' dir='ltr'>Tale</span> <span class='ocrx_word' id='word_1_69' title='bbox 1439 590 1510 626; x_wconf 87' lang='lat' dir='ltr'>fuit</span> 
     </span>
     <span class='ocr_line' id='line_1_12' title="bbox 274 648 783 686; baseline 0.004 -3"><span class='ocrx_word' id='word_1_70' title='bbox 274 648 379 684; x_wconf 90' lang='lat' dir='ltr'>nobis</span> <span class='ocrx_word' id='word_1_71' title='bbox 405 649 530 686; x_wconf 84' lang='lat' dir='ltr'>Allius</span> <span class='ocrx_word' id='word_1_72' title='bbox 554 649 744 686; x_wconf 85' lang='lat' dir='ltr'>auxilium.</span> <span class='ocrx_word' id='word_1_73' title='bbox 764 662 783 685; x_wconf 83' lang='lat'>»</span> 
     </span>
    </p>
   </div>
   <div class='ocr_carea' id='block_1_7' title="bbox 273 742 1509 1123">
    <p class='ocr_par' dir='ltr' id='par_1_7' title="bbox 273 742 1509 1123">
     <span class='ocr_line' id='line_1_13' title="bbox 331 742 1509 795; baseline 0.002 -14"><span class='ocrx_word' id='word_1_74' title='bbox 331 742 530 795; x_wconf 78' lang='lat' dir='ltr'>Plerique</span> <span class='ocrx_word' id='word_1_75' title='bbox 559 743 617 782; x_wconf 91' lang='lat' dir='ltr'>ita</span> <span class='ocrx_word' id='word_1_76' title='bbox 645 742 843 790; x_wconf 87' lang='lat' dir='ltr'>iudicant,</span> <span class='ocrx_word' id='word_1_77' title='bbox 872 744 1212 795; x_wconf 83' lang='lat' dir='ltr'>comparationem</span> <span class='ocrx_word' id='word_1_78' title='bbox 1245 756 1298 783; x_wconf 88' lang='lat' dir='ltr'>ex</span> <span class='ocrx_word' id='word_1_79' title='bbox 1325 745 1417 784; x_wconf 86' lang='lat' dir='ltr'>rivo</span> <span class='ocrx_word' id='word_1_80' title='bbox 1436 742 1509 783; x_wconf 92' lang='lat' dir='ltr'>de-</span> 
     </span>
     <span class='ocr_line' id='line_1_14' title="bbox 275 807 1508 862; baseline 0 -15"><span class='ocrx_word' id='word_1_81' title='bbox 275 811 473 860; x_wconf 88' lang='lat' dir='ltr'>promtam</span> <span class='ocrx_word' id='word_1_82' title='bbox 501 808 709 859; x_wconf 90' lang='lat' dir='ltr'>pertinere</span> <span class='ocrx_word' id='word_1_83' title='bbox 748 807 800 848; x_wconf 89' lang='lat' dir='ltr'>ad</span> <span class='ocrx_word' id='word_1_84' title='bbox 841 819 891 847; x_wconf 88' lang='lat' dir='ltr'>ea</span> <span class='ocrx_word' id='word_1_85' title='bbox 924 819 1029 862; x_wconf 83' lang='lat' dir='ltr'>quae</span> <span class='ocrx_word' id='word_1_86' title='bbox 1062 813 1302 862; x_wconf 88' lang='lat' dir='ltr'>sequuntur,</span> <span class='ocrx_word' id='word_1_87' title='bbox 1336 809 1412 849; x_wconf 88' lang='lat' dir='ltr'>hoo</span> <span class='ocrx_word' id='word_1_88' title='bbox 1444 812 1508 847; x_wconf 88' lang='lat' dir='ltr'>est</span> 
     </span>
     <span class='ocr_line' id='line_1_15' title="bbox 274 869 1501 927; baseline -0.001 -14"><span class='ocrx_word' id='word_1_89' title='bbox 274 873 326 913; x_wconf 89' lang='lat' dir='ltr'>ad</span> <span class='ocrx_word' id='word_1_90' title='bbox 354 869 556 913; x_wconf 86' lang='lat' dir='ltr'>auxilium</span> <span class='ocrx_word' id='word_1_91' title='bbox 575 873 689 913; x_wconf 90' lang='lat' dir='ltr'>Allii:</span> <span class='ocrx_word' id='word_1_92' title='bbox 706 873 826 926; x_wconf 88' lang='lat' dir='ltr'>pauci</span> <span class='ocrx_word' id='word_1_93' title='bbox 843 877 1000 914; x_wconf 87' lang='lat' dir='ltr'>contra.</span> <span class='ocrx_word' id='word_1_94' title='bbox 1022 873 1297 927; x_wconf 86' lang='lat' dir='ltr'>Utrorumque</span> <span class='ocrx_word' id='word_1_95' title='bbox 1317 874 1501 913; x_wconf 80' lang='lat' dir='ltr'>rationes</span> 
     </span>
     <span class='ocr_line' id='line_1_16' title="bbox 276 938 1504 992; baseline -0.001 -14"><span class='ocrx_word' id='word_1_96' title='bbox 276 938 444 992; x_wconf 85' lang='lat' dir='ltr'>collegit</span> <span class='ocrx_word' id='word_1_97' title='bbox 462 940 698 991; x_wconf 87' lang='lat' dir='ltr'>nuperrime</span> <span class='ocrx_word' id='word_1_98' title='bbox 716 938 900 986; x_wconf 88' lang='lat' dir='ltr'>Ellisius;</span> <span class='ocrx_word' id='word_1_99' title='bbox 919 950 1019 991; x_wconf 87' lang='lat' dir='ltr'>quas</span> <span class='ocrx_word' id='word_1_100' title='bbox 1042 939 1110 979; x_wconf 87' lang='lat' dir='ltr'>hic</span> <span class='ocrx_word' id='word_1_101' title='bbox 1127 938 1353 991; x_wconf 87' lang='lat' dir='ltr'>attingendi</span> <span class='ocrx_word' id='word_1_102' title='bbox 1377 939 1504 979; x_wconf 90' lang='lat' dir='ltr'>otium</span> 
     </span>
     <span class='ocr_line' id='line_1_17' title="bbox 274 1004 1502 1057; baseline 0.001 -14"><span class='ocrx_word' id='word_1_103' title='bbox 274 1016 357 1044; x_wconf 92' lang='lat' dir='ltr'>non</span> <span class='ocrx_word' id='word_1_104' title='bbox 377 1008 454 1051; x_wconf 90' lang='lat' dir='ltr'>est,</span> <span class='ocrx_word' id='word_1_105' title='bbox 472 1004 622 1044; x_wconf 92' lang='lat' dir='ltr'>nedum</span> <span class='ocrx_word' id='word_1_106' title='bbox 640 1004 823 1057; x_wconf 84' lang='lat' dir='ltr'>singulas</span> <span class='ocrx_word' id='word_1_107' title='bbox 840 1009 1052 1057; x_wconf 84' lang='lat' dir='ltr'>&#39;exponere</span> <span class='ocrx_word' id='word_1_108' title='bbox 1067 1008 1108 1044; x_wconf 89' lang='lat' dir='ltr'>et</span> <span class='ocrx_word' id='word_1_109' title='bbox 1123 1005 1346 1044; x_wconf 89' lang='lat' dir='ltr'>enucleare</span> <span class='ocrx_word' id='word_1_110' title='bbox 1366 1009 1502 1053; x_wconf 86' lang='lat' dir='ltr'>vacet;</span> 
     </span>
     <span class='ocr_line' id='line_1_18' title="bbox 273 1067 1504 1123; baseline 0.001 -14"><span class='ocrx_word' id='word_1_111' title='bbox 273 1069 416 1109; x_wconf 86' lang='lat' dir='ltr'>utilius</span> <span class='ocrx_word' id='word_1_112' title='bbox 445 1070 551 1109; x_wconf 93' lang='lat' dir='ltr'>enim</span> <span class='ocrx_word' id='word_1_113' title='bbox 575 1081 683 1109; x_wconf 86' lang='lat' dir='ltr'>nova</span> <span class='ocrx_word' id='word_1_114' title='bbox 711 1072 953 1123; x_wconf 86' lang='lat' dir='ltr'>argumenta</span> <span class='ocrx_word' id='word_1_115' title='bbox 981 1070 1023 1109; x_wconf 92' lang='lat' dir='ltr'>in</span> <span class='ocrx_word' id='word_1_116' title='bbox 1052 1068 1228 1110; x_wconf 91' lang='lat' dir='ltr'>medium</span> <span class='ocrx_word' id='word_1_117' title='bbox 1256 1067 1504 1118; x_wconf 82' lang='lat' dir='ltr'>afferuntur,</span> 
     </span>
    </p>
   </div>
   <div class='ocr_carea' id='block_1_8' title="bbox 265 1135 1505 1187">
    <p class='ocr_par' dir='ltr' id='par_1_8' title="bbox 265 1135 1505 1187">
     <span class='ocr_line' id='line_1_19' title="bbox 265 1135 1505 1187; baseline -0.001 -13"><span class='ocrx_word' id='word_1_118' title='bbox 265 1147 397 1186; x_wconf 75' lang='lat' dir='ltr'>¹quam</span> <span class='ocrx_word' id='word_1_119' title='bbox 416 1139 558 1175; x_wconf 86' lang='lat' dir='ltr'>vetera</span> <span class='ocrx_word' id='word_1_120' title='bbox 585 1139 849 1187; x_wconf 86' lang='lat' dir='ltr'>repetuntur.</span> <span class='ocrx_word' id='word_1_121' title='bbox 872 1135 961 1187; x_wconf 87' lang='lat' dir='ltr'>Ego</span> <span class='ocrx_word' id='word_1_122' title='bbox 976 1147 1076 1174; x_wconf 86' lang='lat' dir='ltr'>vero</span> <span class='ocrx_word' id='word_1_123' title='bbox 1092 1136 1259 1175; x_wconf 90' lang='lat' dir='ltr'>memini</span> <span class='ocrx_word' id='word_1_124' title='bbox 1273 1148 1336 1175; x_wconf 92' lang='lat' dir='ltr'>me</span> <span class='ocrx_word' id='word_1_125' title='bbox 1351 1135 1410 1175; x_wconf 88' lang='lat' dir='ltr'>ihi</span> <span class='ocrx_word' id='word_1_126' title='bbox 1423 1136 1505 1174; x_wconf 89' lang='lat' dir='ltr'>iam</span> 
     </span>
    </p>
   </div>
   <div class='ocr_carea' id='block_1_9' title="bbox 269 1198 1508 1643">
    <p class='ocr_par' dir='ltr' id='par_1_9' title="bbox 269 1198 1508 1643">
     <span class='ocr_line' id='line_1_20' title="bbox 271 1198 1501 1253; baseline 0.001 -14"><span class='ocrx_word' id='word_1_127' title='bbox 271 1198 428 1251; x_wconf 89' lang='lat' dir='ltr'>pridem</span> <span class='ocrx_word' id='word_1_128' title='bbox 456 1199 762 1253; x_wconf 84' lang='lat' dir='ltr'>deprehendere</span> <span class='ocrx_word' id='word_1_129' title='bbox 790 1200 1007 1253; x_wconf 88' lang='lat' dir='ltr'>vestigium</span> <span class='ocrx_word' id='word_1_130' title='bbox 1038 1199 1309 1248; x_wconf 91' lang='lat' dir='ltr'>Homericum,</span> <span class='ocrx_word' id='word_1_131' title='bbox 1339 1199 1449 1251; x_wconf 86' lang='lat' dir='ltr'>quod</span> <span class='ocrx_word' id='word_1_132' title='bbox 1476 1213 1501 1240; x_wconf 89' lang='lat' dir='ltr'>a</span> 
     </span>
     <span class='ocr_line' id='line_1_21' title="bbox 273 1264 1505 1316; baseline 0 -13"><span class='ocrx_word' id='word_1_133' title='bbox 273 1265 392 1305; x_wconf 90' lang='lat' dir='ltr'>nullo</span> <span class='ocrx_word' id='word_1_134' title='bbox 425 1265 626 1304; x_wconf 89' lang='lat' dir='ltr'>hactenus</span> <span class='ocrx_word' id='word_1_135' title='bbox 655 1266 936 1312; x_wconf 83' lang='lat' dir='ltr'>observatum,</span> <span class='ocrx_word' id='word_1_136' title='bbox 973 1264 1189 1316; x_wconf 89' lang='lat' dir='ltr'>(hactenus</span> <span class='ocrx_word' id='word_1_137' title='bbox 1222 1267 1331 1304; x_wconf 92' lang='lat' dir='ltr'>enim</span> <span class='ocrx_word' id='word_1_138' title='bbox 1359 1269 1505 1305; x_wconf 86' lang='lat' dir='ltr'>contu-</span> 
     </span>
     <span class='ocr_line' id='line_1_22' title="bbox 272 1328 1501 1377; baseline 0.001 -9"><span class='ocrx_word' id='word_1_139' title='bbox 272 1329 411 1370; x_wconf 87' lang='lat' dir='ltr'>lerunt</span> <span class='ocrx_word' id='word_1_140' title='bbox 437 1330 572 1370; x_wconf 87' lang='lat' dir='ltr'>critici</span> <span class='ocrx_word' id='word_1_141' title='bbox 600 1330 719 1370; x_wconf 77' lang='lat' dir='ltr'>rivos</span> <span class='ocrx_word' id='word_1_142' title='bbox 760 1341 801 1369; x_wconf 76' lang='lat' dir='ltr'>V.</span> <span class='ocrx_word' id='word_1_143' title='bbox 837 1328 891 1369; x_wconf 90' lang='lat'>58</span> <span class='ocrx_word' id='word_1_144' title='bbox 928 1341 1021 1369; x_wconf 92' lang='lat' dir='ltr'>cum</span> <span class='ocrx_word' id='word_1_145' title='bbox 1048 1330 1178 1370; x_wconf 83' lang='lat' dir='ltr'>Rz&#39;ad.</span> <span class='ocrx_word' id='word_1_146' title='bbox 1215 1328 1340 1377; x_wconf 86' lang='lat'><strong>9,14;</strong></span> <span class='ocrx_word' id='word_1_147' title='bbox 1373 1343 1415 1369; x_wconf 80' lang='lat' dir='ltr'>v,</span> <span class='ocrx_word' id='word_1_148' title='bbox 1445 1328 1501 1369; x_wconf 90' lang='lat'>60</span> 
     </span>
     <span class='ocr_line' id='line_1_23' title="bbox 272 1393 1503 1446; baseline -0.001 -12"><span class='ocrx_word' id='word_1_149' title='bbox 272 1407 365 1434; x_wconf 89' lang='lat' dir='ltr'>cum</span> <span class='ocrx_word' id='word_1_150' title='bbox 396 1394 526 1434; x_wconf 77' lang='lat' dir='ltr'>Iliad.</span> <span class='ocrx_word' id='word_1_151' title='bbox 558 1393 737 1440; x_wconf 84' lang='lat'><strong>15,681:</strong></span> <span class='ocrx_word' id='word_1_152' title='bbox 770 1394 864 1433; x_wconf 87' lang='lat' dir='ltr'>vide</span> <span class='ocrx_word' id='word_1_153' title='bbox 892 1393 998 1446; x_wconf 90' lang='lat' dir='ltr'>apud</span> <span class='ocrx_word' id='word_1_154' title='bbox 1026 1394 1235 1441; x_wconf 84' lang='lat' dir='ltr'>Ellisium;</span> <span class='ocrx_word' id='word_1_155' title='bbox 1266 1398 1433 1446; x_wconf 85' lang='lat' dir='ltr'>praeter</span> <span class='ocrx_word' id='word_1_156' title='bbox 1454 1406 1503 1433; x_wconf 91' lang='lat' dir='ltr'>ea</span> 
     </span>
     <span class='ocr_line' id='line_1_24' title="bbox 271 1458 1505 1512; baseline 0 -13"><span class='ocrx_word' id='word_1_157' title='bbox 271 1459 380 1499; x_wconf 89' lang='lat' dir='ltr'>nihil</span> <span class='ocrx_word' id='word_1_158' title='bbox 407 1471 500 1500; x_wconf 85' lang='lat' dir='ltr'>cum</span> <span class='ocrx_word' id='word_1_159' title='bbox 528 1458 663 1500; x_wconf 83' lang='lat' dir='ltr'>Iliade</span> <span class='ocrx_word' id='word_1_160' title='bbox 691 1459 985 1512; x_wconf 89' lang='lat' dir='ltr'>contulerunt.)</span> <span class='ocrx_word' id='word_1_161' title='bbox 1015 1459 1128 1500; x_wconf 92' lang='lat' dir='ltr'>litem</span> <span class='ocrx_word' id='word_1_162' title='bbox 1155 1459 1225 1500; x_wconf 88' lang='lat' dir='ltr'>vel</span> <span class='ocrx_word' id='word_1_163' title='bbox 1253 1460 1419 1499; x_wconf 90' lang='lat' dir='ltr'>omnino</span> <span class='ocrx_word' id='word_1_164' title='bbox 1437 1458 1505 1499; x_wconf 91' lang='lat' dir='ltr'>di-</span> 
     </span>
     <span class='ocr_line' id='line_1_25' title="bbox 270 1523 1508 1578; baseline 0 -14"><span class='ocrx_word' id='word_1_165' title='bbox 270 1525 406 1572; x_wconf 87' lang='lat' dir='ltr'>rimet,</span> <span class='ocrx_word' id='word_1_166' title='bbox 437 1524 506 1565; x_wconf 85' lang='lat' dir='ltr'>vel</span> <span class='ocrx_word' id='word_1_167' title='bbox 535 1525 682 1565; x_wconf 82' lang='lat' dir='ltr'>saltem</span> <span class='ocrx_word' id='word_1_168' title='bbox 710 1523 761 1564; x_wconf 88' lang='lat' dir='ltr'>ad</span> <span class='ocrx_word' id='word_1_169' title='bbox 789 1536 878 1564; x_wconf 87' lang='lat' dir='ltr'>eam</span> <span class='ocrx_word' id='word_1_170' title='bbox 907 1523 1176 1564; x_wconf 86' lang='lat' dir='ltr'>dirimendam</span> <span class='ocrx_word' id='word_1_171' title='bbox 1204 1537 1354 1578; x_wconf 86' lang='lat' dir='ltr'>magno</span> <span class='ocrx_word' id='word_1_172' title='bbox 1382 1537 1508 1577; x_wconf 86' lang='lat' dir='ltr'>opere</span> 
     </span>
     <span class='ocr_line' id='line_1_26' title="bbox 269 1590 1502 1643; baseline -0.001 -12"><span class='ocrx_word' id='word_1_173' title='bbox 269 1590 505 1643; x_wconf 85' lang='lat' dir='ltr'>pertinebit.</span> <span class='ocrx_word' id='word_1_174' title='bbox 539 1590 704 1639; x_wconf 90' lang='lat' dir='ltr'>Contuli</span> <span class='ocrx_word' id='word_1_175' title='bbox 733 1590 843 1631; x_wconf 90' lang='lat' dir='ltr'>enim</span> <span class='ocrx_word' id='word_1_176' title='bbox 870 1590 1005 1631; x_wconf 91' lang='lat' dir='ltr'>locum</span> <span class='ocrx_word' id='word_1_177' title='bbox 1024 1590 1174 1631; x_wconf 87' lang='lat' dir='ltr'>Catulli</span> <span class='ocrx_word' id='word_1_178' title='bbox 1194 1603 1285 1631; x_wconf 88' lang='lat' dir='ltr'>cum</span> <span class='ocrx_word' id='word_1_179' title='bbox 1301 1591 1431 1632; x_wconf 71' lang='lat' dir='ltr'>Iliad.</span> <span class='ocrx_word' id='word_1_180' title='bbox 1453 1594 1502 1638; x_wconf 93' lang='grc' dir='ltr'>Π,</span> 
     </span>
    </p>
   </div>
   <div class='ocr_carea' id='block_1_10' title="bbox 269 1654 1186 1710">
    <p class='ocr_par' dir='ltr' id='par_1_10' title="bbox 269 1654 1186 1710">
     <span class='ocr_line' id='line_1_27' title="bbox 269 1654 1186 1710; baseline -0.002 -13"><span class='ocrx_word' id='word_1_181' title='bbox 269 1656 296 1697; x_wconf 84' lang='lat'><strong>2</strong></span> <span class='ocrx_word' id='word_1_182' title='bbox 323 1667 435 1710; x_wconf 84' lang='lat' dir='ltr'>seqq.</span> <span class='ocrx_word' id='word_1_183' title='bbox 464 1655 535 1696; x_wconf 90' lang='lat' dir='ltr'>uhi</span> <span class='ocrx_word' id='word_1_184' title='bbox 561 1654 682 1696; x_wconf 88' lang='lat' dir='ltr'>fletus</span> <span class='ocrx_word' id='word_1_185' title='bbox 702 1656 949 1709; x_wconf 84' lang='lat' dir='ltr'>exprimitur</span> <span class='ocrx_word' id='word_1_186' title='bbox 980 1655 1186 1697; x_wconf 88' lang='lat' dir='ltr'>Patrocli:</span> 
     </span>
    </p>
   </div>
   <div class='ocr_carea' id='block_1_11' title="bbox 416 1751 1325 1922">
    <p class='ocr_par' dir='ltr' id='par_1_11' title="bbox 416 1751 1325 1922">
     <span class='ocr_line' id='line_1_28' title="bbox 416 1751 1325 1804; baseline 0 -15"><span class='ocrx_word' id='word_1_187' title='bbox 416 1752 613 1804; x_wconf 77' lang='grc' dir='ltr'>Πάτροκλος</span> <span class='ocrx_word' id='word_1_188' title='bbox 637 1753 667 1788; x_wconf 84' lang='grc' dir='ltr'>δ’</span> <span class='ocrx_word' id='word_1_189' title='bbox 682 1752 824 1802; x_wconf 75' lang='grc' dir='ltr'>Ἀχιλῆϊ</span> <span class='ocrx_word' id='word_1_190' title='bbox 849 1751 1047 1802; x_wconf 84' lang='grc' dir='ltr'>παρίστατο,</span> <span class='ocrx_word' id='word_1_191' title='bbox 1072 1752 1207 1800; x_wconf 82' lang='grc' dir='ltr'>ποιμένι</span> <span class='ocrx_word' id='word_1_192' title='bbox 1232 1755 1325 1789; x_wconf 82' lang='grc' dir='ltr'>λαῶν</span> 
     </span>
     <span class='ocr_line' id='line_1_29' title="bbox 419 1811 1271 1862; baseline 0 -15"><span class='ocrx_word' id='word_1_193' title='bbox 419 1812 549 1862; x_wconf 84' lang='grc' dir='ltr'>δάκρυα</span> <span class='ocrx_word' id='word_1_194' title='bbox 573 1813 679 1862; x_wconf 70' lang='grc' dir='ltr'>Θερμὰ</span> <span class='ocrx_word' id='word_1_195' title='bbox 703 1812 803 1861; x_wconf 83' lang='grc' dir='ltr'>χέων,</span> <span class='ocrx_word' id='word_1_196' title='bbox 828 1811 913 1848; x_wconf 81' lang='grc' dir='ltr'>ὥστε</span> <span class='ocrx_word' id='word_1_197' title='bbox 938 1812 1040 1862; x_wconf 78' lang='grc' dir='ltr'>κρήνη</span> <span class='ocrx_word' id='word_1_198' title='bbox 1068 1811 1271 1862; x_wconf 81' lang='grc' dir='ltr'>μελάνυδρος</span> 
     </span>
     <span class='ocr_line' id='line_1_30' title="bbox 419 1870 1308 1922; baseline -0.001 -14"><span class='ocrx_word' id='word_1_199' title='bbox 419 1872 477 1917; x_wconf 78' lang='grc' dir='ltr'>ἥτε</span> <span class='ocrx_word' id='word_1_200' title='bbox 502 1873 576 1909; x_wconf 82' lang='grc' dir='ltr'>κατ’</span> <span class='ocrx_word' id='word_1_201' title='bbox 591 1871 760 1920; x_wconf 79' lang='grc' dir='ltr'>αἰγίλιπος</span> <span class='ocrx_word' id='word_1_202' title='bbox 785 1870 906 1922; x_wconf 86' lang='grc' dir='ltr'>πέτρης</span> <span class='ocrx_word' id='word_1_203' title='bbox 931 1872 1089 1922; x_wconf 83' lang='grc' dir='ltr'>δνοφερὸν</span> <span class='ocrx_word' id='word_1_204' title='bbox 1114 1871 1183 1921; x_wconf 84' lang='grc' dir='ltr'>χέει</span> <span class='ocrx_word' id='word_1_205' title='bbox 1208 1870 1308 1922; x_wconf 71' lang='grc' dir='ltr'>ὕδωρ.</span> 
     </span>
    </p>
   </div>
   <div class='ocr_carea' id='block_1_12' title="bbox 266 1966 1508 2415">
    <p class='ocr_par' dir='ltr' id='par_1_12' title="bbox 266 1966 1508 2415">
     <span class='ocr_line' id='line_1_31' title="bbox 323 1966 1501 2022; baseline -0.003 -12"><span class='ocrx_word' id='word_1_206' title='bbox 323 1969 377 2017; x_wconf 92' lang='lat' dir='ltr'>Si,</span> <span class='ocrx_word' id='word_1_207' title='bbox 407 1973 451 2010; x_wconf 90' lang='lat' dir='ltr'>ut</span> <span class='ocrx_word' id='word_1_208' title='bbox 480 1982 555 2022; x_wconf 87' lang='lat' dir='ltr'>ego</span> <span class='ocrx_word' id='word_1_209' title='bbox 584 1969 788 2017; x_wconf 87' lang='lat' dir='ltr'>existimo,</span> <span class='ocrx_word' id='word_1_210' title='bbox 820 1969 864 2007; x_wconf 91' lang='lat' dir='ltr'>in</span> <span class='ocrx_word' id='word_1_211' title='bbox 892 1968 1196 2021; x_wconf 88' lang='lat' dir='ltr'>comparatione</span> <span class='ocrx_word' id='word_1_212' title='bbox 1225 1967 1296 2006; x_wconf 90' lang='lat' dir='ltr'>illa</span> <span class='ocrx_word' id='word_1_213' title='bbox 1315 1966 1501 2007; x_wconf 84' lang='lat' dir='ltr'>Catullus</span> 
     </span>
     <span class='ocr_line' id='line_1_32' title="bbox 269 2032 1499 2087; baseline -0.002 -12"><span class='ocrx_word' id='word_1_214' title='bbox 269 2035 321 2075; x_wconf 91' lang='lat' dir='ltr'>ad</span> <span class='ocrx_word' id='word_1_215' title='bbox 354 2034 580 2075; x_wconf 91' lang='lat' dir='ltr'>Homerum</span> <span class='ocrx_word' id='word_1_216' title='bbox 608 2034 798 2087; x_wconf 80' lang='lat' dir='ltr'>respexit,</span> <span class='ocrx_word' id='word_1_217' title='bbox 828 2034 908 2073; x_wconf 90' lang='lat' dir='ltr'>iam</span> <span class='ocrx_word' id='word_1_218' title='bbox 938 2032 1140 2074; x_wconf 87' lang='lat' dir='ltr'>constabit</span> <span class='ocrx_word' id='word_1_219' title='bbox 1180 2032 1374 2073; x_wconf 87' lang='lat' dir='ltr'>lacrimas</span> <span class='ocrx_word' id='word_1_220' title='bbox 1403 2044 1499 2072; x_wconf 87' lang='lat' dir='ltr'>suas</span> 
     </span>
     <span class='ocr_line' id='line_1_33' title="bbox 268 2097 1507 2152; baseline -0.002 -12"><span class='ocrx_word' id='word_1_221' title='bbox 268 2100 475 2140; x_wconf 87' lang='lat' dir='ltr'>Catullum</span> <span class='ocrx_word' id='word_1_222' title='bbox 503 2099 779 2152; x_wconf 86' lang='lat' dir='ltr'>composuisse</span> <span class='ocrx_word' id='word_1_223' title='bbox 807 2098 896 2138; x_wconf 83' lang='lat' dir='ltr'>rivo</span> <span class='ocrx_word' id='word_1_224' title='bbox 925 2099 995 2150; x_wconf 85' lang='lat' dir='ltr'>qui</span> <span class='ocrx_word' id='word_1_225' title='bbox 1034 2098 1194 2150; x_wconf 85' lang='lat' dir='ltr'>prosilit</span> <span class='ocrx_word' id='word_1_226' title='bbox 1223 2110 1246 2138; x_wconf 87' lang='lat' dir='ltr'>e</span> <span class='ocrx_word' id='word_1_227' title='bbox 1280 2097 1429 2149; x_wconf 78' lang='lat' dir='ltr'>lapide</span> <span class='ocrx_word' id='word_1_228' title='bbox 1459 2099 1507 2137; x_wconf 83' lang='lat' dir='ltr'>in</span> 
     </span>
     <span class='ocr_line' id='line_1_34' title="bbox 269 2162 1508 2215; baseline -0.003 -9"><span class='ocrx_word' id='word_1_229' title='bbox 269 2165 430 2206; x_wconf 80' lang='lat' dir='ltr'>vertice</span> <span class='ocrx_word' id='word_1_230' title='bbox 456 2165 541 2205; x_wconf 78' lang='lat' dir='ltr'>aeti</span> <span class='ocrx_word' id='word_1_231' title='bbox 567 2165 750 2211; x_wconf 77' lang='lat' dir='ltr'>montis,</span> <span class='ocrx_word' id='word_1_232' title='bbox 789 2176 872 2204; x_wconf 90' lang='lat' dir='ltr'>non</span> <span class='ocrx_word' id='word_1_233' title='bbox 903 2175 1022 2203; x_wconf 87' lang='lat' dir='ltr'>secus</span> <span class='ocrx_word' id='word_1_234' title='bbox 1052 2167 1173 2215; x_wconf 87' lang='lat' dir='ltr'>atque</span> <span class='ocrx_word' id='word_1_235' title='bbox 1202 2162 1405 2202; x_wconf 89' lang='lat' dir='ltr'>Homerus</span> <span class='ocrx_word' id='word_1_236' title='bbox 1437 2164 1508 2203; x_wconf 85' lang='lat' dir='ltr'>la-</span> 
     </span>
     <span class='ocr_line' id='line_1_35' title="bbox 268 2228 1506 2281; baseline -0.002 -11"><span class='ocrx_word' id='word_1_237' title='bbox 268 2231 418 2271; x_wconf 86' lang='lat' dir='ltr'>crimas</span> <span class='ocrx_word' id='word_1_238' title='bbox 445 2230 625 2269; x_wconf 83' lang='lat' dir='ltr'>Patrocli</span> <span class='ocrx_word' id='word_1_239' title='bbox 662 2242 754 2269; x_wconf 92' lang='lat' dir='ltr'>cum</span> <span class='ocrx_word' id='word_1_240' title='bbox 797 2229 913 2268; x_wconf 83' lang='lat' dir='ltr'>fonte</span> <span class='ocrx_word' id='word_1_241' title='bbox 955 2229 1023 2281; x_wconf 84' lang='lat' dir='ltr'>qui</span> <span class='ocrx_word' id='word_1_242' title='bbox 1066 2228 1120 2268; x_wconf 82' lang='lat' dir='ltr'>ab</span> <span class='ocrx_word' id='word_1_243' title='bbox 1162 2229 1331 2268; x_wconf 73' lang='lat' dir='ltr'>excelsa</span> <span class='ocrx_word' id='word_1_244' title='bbox 1371 2232 1506 2280; x_wconf 76' lang='lat' dir='ltr'>petra</span> 
     </span>
     <span class='ocr_line' id='line_1_36' title="bbox 266 2294 1507 2350; baseline -0.002 -13"><span class='ocrx_word' id='word_1_245' title='bbox 266 2308 412 2348; x_wconf 88' lang='lat' dir='ltr'>aquam</span> <span class='ocrx_word' id='word_1_246' title='bbox 441 2294 577 2335; x_wconf 87' lang='lat' dir='ltr'>fundit</span> <span class='ocrx_word' id='word_1_247' title='bbox 605 2294 783 2344; x_wconf 84' lang='lat' dir='ltr'>confert,</span> <span class='ocrx_word' id='word_1_248' title='bbox 813 2295 974 2348; x_wconf 88' lang='lat' dir='ltr'>iamque</span> <span class='ocrx_word' id='word_1_249' title='bbox 1003 2294 1156 2350; x_wconf 87' lang='lat' dir='ltr'>patebit</span> <span class='ocrx_word' id='word_1_250' title='bbox 1183 2294 1405 2347; x_wconf 87' lang='lat' dir='ltr'>imaginem</span> <span class='ocrx_word' id='word_1_251' title='bbox 1436 2306 1507 2335; x_wconf 91' lang='lat' dir='ltr'>re-</span> 
     </span>
     <span class='ocr_line' id='line_1_37' title="bbox 269 2358 1355 2415; baseline -0.001 -14"><span class='ocrx_word' id='word_1_252' title='bbox 269 2362 386 2410; x_wconf 82' lang='lat' dir='ltr'>ferri,</span> <span class='ocrx_word' id='word_1_253' title='bbox 417 2360 523 2415; x_wconf 89' lang='lat' dir='ltr'>apud</span> <span class='ocrx_word' id='word_1_254' title='bbox 551 2358 767 2408; x_wconf 87' lang='lat' dir='ltr'>Catullum,</span> <span class='ocrx_word' id='word_1_255' title='bbox 797 2360 850 2401; x_wconf 87' lang='lat' dir='ltr'>ad</span> <span class='ocrx_word' id='word_1_256' title='bbox 877 2373 927 2401; x_wconf 90' lang='lat' dir='ltr'>ea</span> <span class='ocrx_word' id='word_1_257' title='bbox 956 2372 1062 2413; x_wconf 86' lang='lat' dir='ltr'>quae</span> <span class='ocrx_word' id='word_1_258' title='bbox 1089 2359 1355 2413; x_wconf 78' lang='lat' dir='ltr'>praecedunt,</span> 
     </span>
    </p>
   </div>
  </div>
 </body>
</html>
