1815 2973
1075 0 1088 5 ‘'
1112 0 1184 13 ,ττι
1212 0 1246 11 d.-

1034 8 1092 34 ,linx
1112 8 1126 37 2:
1148 19 1154 24 ,
1171 8 1249 44 -ἐῖῦιζ

330 153 375 191 50
598 165 644 191 nn
667 165 837 191 remmus
858 165 931 191 τιτι
953 165 1030 191 mvl
1051 157 1198 199 21‚1·20
1219 168 1223 172 ·

283 238 472 283 narrata,
496 237 580 273 tum
600 236 767 273 constet
780 234 991 286 opiniones
1010 234 1136 288 vulgo
1163 233 1395 281 hominum,
1422 226 1527 283 tem<

288 312 449 355 porum,
472 296 846 353 historicorumque
864 299 1051 340 notitiam
1071 311 1210 340 rerum
1231 303 1384 352 quanto
1402 311 1525 352 opere
1559 311 1574 342 ζ
1592 311 1595 314 ⁴

286 365 618 419 depravaverint.
903 411 905 413 ,
1204 398 1207 401 .

342 431 465 474 Multi
493 433 634 470 nostra
663 433 796 470 aetate
830 443 996 483 operam
1025 432 1105 471 iam
1135 434 1346 471 navarunt
1385 429 1529 482 expla-

286 496 436 538 nandis
464 495 802 549 explicandisque
821 496 1020 544 fontibus,
1043 510 1165 549 quum
1184 496 1367 537 universi
1388 497 1524 548 operis

288 562 469 609 Liviani,
500 565 585 600 tum
615 561 792 600 maxime
834 562 981 601 tertiae
1011 561 1173 601 decadis
1215 562 1395 613 partisve
1438 560 1522 599 ali-

290 628 406 668 cuius
437 628 584 667 tertiae
615 625 790 666 decadis.
819 626 1000 671 Quorum
1030 631 1165 666 tamen
1197 626 1439 673 sententiae,
1469 625 1521 665 ad

288 694 453 733 tertiam
483 690 676 732 decadem
706 692 811 743 quod
840 692 997 739 attinet,
1030 691 1145 744 (quas
1165 693 1388 732 sententias
1409 702 1522 731 nunc

288 771 366 799 nec
396 757 559 798 referre
587 769 664 797 nec
692 756 889 797 refellere
919 758 1092 798 attinet:
1115 758 1183 810 qui
1204 757 1347 797 studiis
1367 757 1520 797 nostris

289 826 576 876 obsequuntur
606 827 771 862 teneant
799 835 869 862 eas
898 836 1067 863 necesse
1097 828 1185 872 est3
1224 823 1419 876 reliquos·
1440 834 1521 862 non

292 890 460 943 moror),
491 890 596 929 absit
624 889 752 928 verbo
780 888 958 937 invidia,
994 901 1077 929 non
1109 893 1190 929 tam
1220 888 1521 941 quaestionibus

295 956 417 997 finem
449 956 669 1008 imponere,
700 967 817 1006 quam
857 954 908 994 ed
952 956 1210 1007 quaestiones
1255 954 1386 994 denuo
1427 966 1523 1007 per-

294 1020 532 1062 tractandas
560 1031 728 1059 movere
756 1024 951 1072 possunt.
998 1020 1159 1073 Indiget
1201 1033 1299 1060 vero
1346 1021 1524 1060 omnium

295 1088 474 1126 maxime
501 1086 616 1125 locus
644 1084 751 1124 Livii
776 1084 946 1132 21,1-20
975 1086 1112 1137 paullo
1142 1086 1383 1126 curiosioris
1413 1086 1525 1125 inve-

294 1151 542 1203 stigationis,
574 1150 719 1202 quippe
748 1150 790 1188 in
820 1162 899 1201 quo
942 1163 1025 1189 non
1069 1152 1169 1190 satis
1213 1151 1281 1190 diu
1325 1151 1528 1190 immorati

297 1218 381 1257 sint
408 1216 558 1263 critici,
591 1215 834 1256 festinantes
865 1215 916 1256 ad
943 1215 1080 1263 2121,
1111 1230 1135 1257 a
1165 1230 1244 1268 quo
1274 1217 1367 1256 inde
1397 1217 1526 1269 capite

292 1283 467 1333 vestigia
498 1281 655 1319 demum
686 1281 864 1332 Polybii,
896 1293 999 1332 quae
1030 1285 1148 1321 antea
1177 1282 1247 1322 hic
1289 1286 1410 1333 atque
1440 1282 1523 1323 illic

294 1345 572 1387 tantummodo
601 1345 985 1398 deprehenduntur,
1015 1347 1210 1386 continua
1254 1350 1295 1385 et
1331 1351 1527 1399 perpetua

294 1410 414 1458 fi'unt,
447 1411 671 1462 quaesituri
701 1411 859 1450 scilicet
878 1415 1016 1451 utrum
1036 1412 1263 1452 Patavinus
1280 1411 1454 1451 inlibris
1474 1411 1523 1451 21

291 1482 332 1518 et
361 1477 627 1529 sequentibus
656 1472 840 1528 Polybio'
861 1477 912 1516 sit
941 1489 994 1516 an
1024 1489 1107 1516 non
1137 1478 1189 1516 sit
1217 1489 1324 1524 usus,
1356 1481 1453 1524 tum,
1491 1477 1526 1516 si

290 1545 354 1591 sit,
387 1555 411 1583 a
440 1555 518 1595 quo
548 1541 644 1581 inde
674 1542 727 1581 sit
756 1543 901 1594 capite.
937 1542 1149 1595 (Polybius
1179 1543 1330 1583 bellum
1368 1555 1526 1595 quoque

291 1610 489 1649 Punicum
519 1607 745 1647 secundum
766 1609 806 1646 in
827 1608 1012 1647 historiis
1044 1609 1127 1647 suis
1148 1609 1376 1660 descripsit:
1410 1609 1525 1649 multi

291 1677 513 1727 supersunt
541 1673 649 1720 libri,
680 1674 722 1711 in
751 1673 816 1712 his
844 1674 1001 1720 tertius‚'
1032 1674 1074 1712 in
1104 1687 1181 1725 quo
1212 1674 1351 1714 eadem
1381 1679 1526 1714 auctor

291 1740 551 1794 persequitur
580 1750 683 1790 quae
713 1738 850 1777 Livius
895 1739 935 1777 in
977 1739 1072 1779 libr.
1114 1739 1164 1779 21
1210 1744 1250 1779 et
1292 1739 1380 1793 252).
1414 1740 1526 1784 Quae

292 1805 454 1857 quidem
482 1804 666 1855 quaestio
696 1815 743 1842 ea
772 1805 1015 1854 praesertim
1046 1804 1093 1843 de
1123 1816 1243 1843 causa
1272 1817 1527 1857 summopere
1562 1810 1566 1814 ’

294 1876 357 1912 est
385 1870 578 1918 difficilis,
610 1870 717 1921 quod
748 1882 800 1909 ex
829 1871 878 1909 iis
909 1871 977 1921 qui
1006 1883 1072 1910 res
1102 1871 1144 1910 in
1182 1872 1269 1911 loco
1315 1873 1420 1912 Livii
1450 1874 1527 1912 isto

293 1940 485 1976 narratas
516 1939 623 1982 ante·
643 1936 806 1974 Livium
827 1935 974 1974 litteris
995 1936 1063 1974 vel
1095 1935 1262 1975 Graecis
1283 1937 1350 1975 vel
1372 1937 1530 1976 Latinis

295 2000 555 2048 mandarunt,
572 2013 676 2039 unus
698 2001 857 2052 integer
878 2005 1065 2053 superest
1085 2001 1297 2053 Polybius,
1314 2006 1530 2053 praeterea

294 2079 414 2106 nemo
436 2066 527 2106 fere
558 2078 580 2105 e
609 2065 828 2116 naufragio
857 2069 1045 2105 veterum
1074 2066 1306 2106 litterarum
1328 2069 1526 2108 enatavit.

348 2131 408 2172 Sit
437 2131 556 2171 nobis
587 2131 713 2183 igitur
741 2132 1003 2182 propositum,
1034 2144 1174 2183 pauca,
1206 2132 1427 2184 eademque
1447 2145 1530 2172 non

293 2198 446 2245 aliena,
471 2196 544 2237 sed
564 2201 649 2237 tota
678 2199 833 2244 nostra,
855 2195 903 2236 de
926 2197 1104 2237 fontibus
1132 2197 1211 2237 Titi
1232 2199 1336 2237 Livii
1357 2197 1531 2246 ‘zm-20

294 2263 520 2303 disserere.
543 2263 671 2307 Quam
702 2263 980 2313 quaestionem
1011 2263 1246 2315 relinquere
1262 2268 1432 2315 possunt
1461 2266 1528 2314 qui

295 2328 515 2369 historicos
548 2331 690 2380 agunt,
723 2327 871 2380 quibus
902 2328 1094 2367 nimirum
1126 2328 1224 2368 satis
1254 2333 1316 2369 est
1345 2328 1529 2368 conside-

296 2406 423 2443 rasse,
453 2394 621 2435 ubinam
652 2406 790 2434 rerum
820 2395 1036 2447 scriptores
1063 2395 1172 2434 inter
1199 2408 1240 2435 se
1269 2395 1336 2434 vel
1365 2406 1529 2435 consen-
