1815 2973
591 189 593 192 ¹
625 187 634 204 ⁵
704 179 910 239 'A‘n'uvxu‘u
931 191 1084 246 23,1·'1,7

224 289 233 317 ἂ
254 281 386 332 haef,
404 277 562 329 notitia,
600 281 732 334 neque
772 284 870 323 ante
911 283 1158 323 coniecturis
1197 270 1513 337 indulgendum.

285 350 406 401 quam
434 343 622 387 omnihus
657 346 817 399 penitus
843 347 1004 388 haustis
1032 360 1137 402 quae
1164 360 1189 388 a
1217 345 1368 389 Nostro
1396 351 1517 388 cete-

286 413 425 464 risque
453 412 591 450 rerum
619 415 829 462 gestarum
857 404 1124 464 scriptoribus
1142 413 1374 462 traduntur,
1394 413 1447 454 ad
1467 425 1518 453 ea

284 478 515 526 lectionem,
547 489 669 529 quam
696 477 836 529 optimi
864 477 1022 518 codices
1052 477 1260 527 exhibent,
1291 473 1512 532 exegeris:

284 541 395 583 illud·
415 547 551 584 autem
580 544 757 596 primum
796 554 997 594 nusquam
1035 540 1083 583 ea
1120 543 1332 595 diligentia
1362 544 1514 584 factum

284 606 404 648 video
447 612 600 662 quanta
641 609 685 648 in
726 607 852 648 rebus
894 608 1018 648 tantis
1059 608 1293 649 necessaria
1336 607 1518 662 videtur,

285 687 529 727 quamquam
558 674 695 715 taedet
723 674 917 714 iudicium
945 674 1022 714 sibi
1050 674 1100 714 de
1129 675 1277 714 alienis
1306 675 1515 715 laboribus

286 739 467 781 sumere.

393 806 465 846 ΙΙΙ.
511 806 625 846 Nunc
668 806 886 858 antequam
928 807 1058 846 verba
1106 806 1259 846 liviana
1304 808 1522 847 emendare

286 870 517 923 aggrediar,
547 883 673 911 unum
703 870 948 912 monendum
987 870 1170 919 videtur,
1202 883 1335 922 neque
1373 871 1412 912 id
1439 884 1521 912 non

285 937 575 983 necessarium,
608 937 693 975 sive
724 949 772 976 ea
801 949 905 988 quae
936 935 1049 975 infra
1070 940 1166 975 sunt
1194 947 1218 975 a
1247 936 1366 975 nohis
1395 923 1525 988 dispu-

287 999 420 1048 tanda,
457 1001 544 1041 sive
582 1002 704 1041 etiam
740 1013 902 1041 sensum
946 1001 1067 1041 totius
1109 1001 1191 1041 loci
1233 1004 1404 1053 spectes.
1446 1001 1524 1041 Ni-

245 1070 249 1118 }
285 1067 432 1105 mirum
475 1071 638 1118 praeter
679 1067 751 1106 illa
793 1079 897 1120 quae
935 1068 1016 1106 iam
1050 1065 1208 1119 pridem
1238 1066 1524 1108 animadversa

284 1136 383 1171 sunt
419 1136 540 1185 atque
583 1133 760 1172 omnium
814 1144 1014 1172 consensu
1058 1131 1342 1182 emendatione
1386 1136 1521 1184 egent,

286 1200 399 1237 extat
440 1198 483 1236 in
525 1197 636 1237 hisce
666 1198 805 1238 verbis
836 1197 1040 1249 particula
1069 1196 1284 1250 quaedam,
1316 1197 1433 1237 cuius
1460 1198 1523 1237 vis

259 1254 262 1259 ’
285 1257 491 1315 nunquam
520 1263 699 1303 fortasse
730 1263 929 1315 quaesita,
960 1266 1074 1303 certe
1102 1262 1280 1303 nondum
1301 1262 1525 1318 explanata

285 1329 336 1368 ab
366 1329 660 1380 interpretibus
691 1328 914 1369 invenitur.
946 1329 1059 1368 Haec
1089 1332 1154 1368 est
1183 1328 1384 1380 particula
1420 1339 1525 1379 quo·

287 1405 394 1445 que:
427 1405 532 1446 quae
560 1393 752 1447 quidnam
783 1394 859 1434 sibi
887 1394 1003 1444 velit,
1035 1406 1129 1447 age,
1165 1393 1314 1434 ceteris
1334 1393 1523 1435 omnibus

288 1460 328 1496 in
361 1459 594 1511 praesentia
632 1459 785 1508 dilatis,
823 1462 1016 1499 accurate
1053 1459 1396 1511 pervestigemus.
1425 1457 1525 1498 Post

285 1538 460 1578 pugnam
491 1525 543 1567 ad
572 1526 741 1566 Cannas
788 1527 1054 1574 commissam,
1084 1526 1246 1579 reliqua
1274 1530 1391 1580 parte
1424 1525 1524 1566 anni

284 1604 325 1629 u.
358 1603 394 1630 c.
425 1591 692 1638 DXXXVIH,
718 1591 947 1631 Hannibali
978 1592 1106 1630 resin
1127 1591 1348 1644 Campania
1372 1590 1521 1643 partim

283 1668 476 1708 prospere
497 1656 695 1696 cedebant
720 1655 785 1709 (ea
809 1656 966 1696 scilicet
986 1656 1033 1695 de
1054 1668 1190 1703 causa,
1220 1655 1337 1707 quod,
1365 1668 1413 1695 re
1438 1654 1523 1694 Ro-

283 1733 418 1768 mana,
441 1724 484 1761 ut
504 1722 561 1761 ita
580 1720 724 1769 dicam,
746 1722 921 1771 concisa,
945 1720 1301 1767 abalienabantur,
1324 1723 1369 1760 ut
1389 1719 1521 1760 ferme

284 1787 349 1836 fit,
380 1787 580 1827 sociorum
608 1786 846 1840 populorum
866 1787 1022 1839 animi),
1042 1787 1193 1839 partim
1215 1798 1326 1833 vero,
1351 1786 1520 1826 fortuna

284 1865 328 1893 se
356 1852 595 1900 inclinante,
622 1848 757 1893 'minus
785 1865 991 1907 prospere.
1007 1851 1225 1905 'Siquidem
1255 1851 1476 1893 traduntur
1495 1863 1520 1891 a

284 1920 549 1973 scriptoribus
578 1919 726 1959 harum
774 1932 915 1960 rerum
945 1919 1151 1959 nonnulla
1190 1923 1289 1959 tunc
1329 1919 1521 1970 temporis

285 1985 411 2036 sacta,
441 1997 494 2026 ex
522 1985 667 2038 quibus
687 1988 801 2026 recte
822 1997 943 2026 casus
962 1984 1198 2026 huiusmodi
1213 1984 1408 2026 fortunae
1427 1996 1523 2024 con-

283 2052 577 2104 versionesque
593 2051 805 2092 coniicias:
830 2054 1006 2091 auctore
1026 2050 1185 2098 Trebio,
1201 2049 1430 2103 Compsano
1450 2049 1523 2089 ho-

285 2117 405 2164 mine,
417 2115 588 2169 Compsa
603 2117 702 2157 urbs
720 2117 809 2156 sine
826 2129 941 2157 mora
958 2116 1112 2169 absque
1129 2115 1356 2156 certamine
1372 2114 1523 2155 tradita

285 2187 346 2222 est
361 2182 771 2234 Carthaginiensibus
801 2182 956 2236 (Livius
975 2181 1108 2235 23,1);
1134 2183 1229 2222 item
1254 2183 1408 2233 Capua,
1429 2193 1525 2221 auc-

285 2248 439 2287 toribus
467 2246 649 2288 Pacuvio
679 2247 845 2287 Calavio
876 2250 917 2287 et
947 2246 1071 2288 Vibio
1100 2246 1260 2295 Virrio,
1294 2244 1345 2287 ad
1365 2245 1525 2286 eosde-

285 2314 383 2354 fecit
413 2312 567 2367 (Livius
597 2312 870 2366 23‚2‘seqq.).
905 2312 988 2353 Sed
1002 2326 1159 2360 rursus,
1178 2313 1345 2352 summis
1364 2312 1523 2350 viribus

284 2374 491 2419 adnitente
519 2378 695 2418 maxime
726 2378 779 2418 M.
811 2377 989 2420 Claudio
1018 2377 1220 2418 Marcello
1250 2377 1351 2417 duce
1380 2378 1524 2418 Roma-

286 2458 448 2492 norum,
480 2446 550 2497 qui
579 2457 665 2484 rem
697 2446 738 2484 in
782 2445 1008 2496 Campania
1046 2448 1213 2497 praetor
1255 2444 1425 2496 gerebat
1455 2443 1520 2496 (ob
