1815 2973
863 0 910 78 *232

913 30 925 44 te
908 1 921 15 1·

321 188 378 228 80³
495 180 501 185 ’
607 170 669 227 »ιι-
675 189 855 253 :onmes
863 179 951 229 1ιῆ
957 187 1109 235 utrm.
1115 182 1223 236 1ΞΡ”
1284 190 1296 205 ¹

281 270 455 314 stertens
476 270 587 316 citat
600 250 813 320 auctores,
825 258 1015 332 minime¹
1018 273 1090 315 'est
1103 248 1299 325 dubium}
1308 260 1404 316 Ae'c'

279 336 365 377 alia
378 348 475 377 non·
481 336 654 378 minoris
668 337 877 378 momenti.
899 326 1062 379 meiius
1075 331 1191 378 enim
1200 337 1284 378 nbii
1298 334 1393 378 moti
1422 324 1520 380 ffl'i-
1547 319 1572 351 g,
1584 375 1592 379 .
1606 328 1637 381 1*ss

278 401 369 443 lum*
378 402 595 443 Punicum
598 401 820 444 seeundum
840 401 1124 457 descripserat,-
1155 398 1239 444 sed
1232 405 1359 458 quum
1373 392 1529 448 fatuus

279 468 342 516 de',
361 471 464 509 tum‘·
469 468 600 509 etiam
606 465 827 521 diligenter
846 465 1097 521 absolverat.
1107 466 1351 531 diligenter,
1369 469 1551 525 quippe*

278 534 362 586 qui
395 532 599 581 Silenum,
648 529 895 574 familiarem
943 531 1193 576 Hannibalis
1211 565 1221 582 ,
1262 533 1526 589 eundemque

280 598 521 653 scriptorem
551 599 639 640 eius
669 609 824 640 rerum
837 602 1059 653 gestarum,
1081 597 1177 641 licet
1197 600 1417 642 externum
1444 601 1519 642 ho·'

278 665 427 703 minem
443 675 529 704 -non
550 665 754 717 respuerit
773 664 909 718 (Cicer
927 665 982 705 de
1008 665 1183 706 divim-at
1214 665 1378 714 1,24,49
1399 680 1420 701 ‹
1436 665 1518 707 h'oc

282 730 503 771 ‹item-in
532 728 675 778 Sileni,
719 740 849 784 quem
892 728 1079 773 Caelius*
1111 730 1336 784 sequitur,
1366 743 1518 784 graeca

281 811 302 833 «
329 794 515 837 historia*
535 794 638 850 est):
670 811 692 834 »
723 795 929 845 facunde;
963 800 1008 837 ut
1038 787 1537 850 conceptissimis'tradit¹

278 862 428 903 Cicero·
465 863 606 903 verbis
650 864 985 916 quotiescumque
1027 864 1070 904 in
1113 875 1206 902 eum
1254 862 1398 903 incidit
1442 863 1519 914 (de

278 928 366 981 leq:
388 926 493 977 l‚2‚6
517 943 538 966 ι
552 927 673 982 paulo
691 926 850 970 inflavit
862 928 1148 980 vehementius
1163 927 1390 981 habuitque
1403 929 1517 969 vires

282 1008 302 1033 ι
332 998 520 1047 agrestes
552 1010 573 1031 ι
618 995 672 1034 de
705 998 817 1035 orat.
861 993 1024 1042 2‚12,54
1072 993 1293 1038 «addidit,
1318 994 1530 1035 historiae·

280 1075 302 1097 ‹
330 1060 530 1100 maiorem
559 1071 707 1102 sonum
735 1060 864 1100 vocis.
899 1075 920 1097 »
951 1060 1079 1100 Brut.
1111 1058 1261 1106 26,102
1291 1073 1312 1095 α
1344 1060 1387 1099 L.
1416 1059 1518 1099 Cae·

281 1141 301 1162 «
330 1125 412 1166 lius
443 1125 664 1177 Antipater
684 1125 861 1178 scriptor
878 1155 1072 1166 .......
1102 1124 1182 1164 fuit
1204 1127 1247 1163 ut
1266 1114 1516 1177 temporibus

280 1190 412 1231 «illis
448 1191 685 1232 luculentus
716 1206 737 1228 »
778 1191 902 1240 etc.);
942 1193 987 1229 ut
1020 1193 1159 1230 cetera
1197 1193 1385 1230 veterum
1423 1202 1517 1230 cum

277 1257 489 1299 Ciceronis
523 1256 826 1297 consentientia
855 1255 1087 1297 testimonia
1116 1259 1389 1308 praeteream.
1412 1255 1517 1301 Quid

278 1323 429 1363 mirum
458 1323 494 1362 si
527 1322 664 1362 Livius
693 1325 774 1361 tam
806 1321 958 1362 bonum
988 1323 1212 1369 auctorem,
1243 1321 1403 1375 sibique
1432 1325 1516 1362 tam
1554 1369 1559 1371 ,

279 1389 563 1429 necessarium
594 1391 759 1428 secutus
789 1386 880 1427 est?
922 1387 1161 1434 Postremo,
1202 1386 1310 1438 quod
1350 1374 1519 1428 maximi

278 1454 578 1502 est‘momenti,
609 1452 798 1506 quodque
828 1453 1039 1492 contraria
1068 1455 1107 1492 et
1134 1453 1414 1505 repugnantia
1443 1452 1517 1493 illa

278 1520 328 1560 de
356 1519 528 1572 Polybio
556 1518 741 1559 adhibito
772 1518 895 1558 simul
924 1521 965 1558 et
992 1529 1075 1557 non
1114 1516 1296 1564 adhibito
1332 1530 1356 1557 a
1398 1518 1516 1559 nobis

278 1589 431 1626 statuta
475 1585 625 1637 optime
670 1584 886 1637 explanat,
932 1582 1098 1624 tandem
1139 1584 1400 1636 perspicuum
1438 1584 1519 1624 erit

277 1650 373 1704 quid
401 1652 454 1691 sit
484 1663 558 1691 cur
587 1662 654 1690 res
684 1649 850 1690 eaedem
893 1662 917 1689 a
961 1650 1134 1702 Polybio
1177 1653 1300 1701 atque
1339 1661 1363 1689 a
1399 1651 1516 1690 Livio

276 1717 416 1757 eodem
456 1716 600 1757 ordine
643 1720 872 1755 narrentur
915 1719 955 1755 et
997 1719 1134 1755 tamen
1172 1715 1316 1755 Livius
1353 1727 1422 1755 eas
1464 1727 1517 1755 ex

276 1783 469 1836 Polybios
485 1783 684 1835 umpsisse
701 1794 783 1822 non
797 1781 988 1822 videatur
1003 1780 1206 1821 dicendus:
1224 1781 1360 1833 itaque
1376 1782 1518 1822 existi-

277 1860 342 1889 mo
370 1860 453 1888 non
483 1847 601 1888 modo
627 1847 788 1888 Livium
825 1859 878 1887 ex
912 1846 1051 1886 Coelio
1085 1858 1159 1886 sua
1193 1836 1403 1886 derivasse
1445 1846 1518 1887 sed

277 1915 413 1962 etiam,
443 1913 550 1966 quod
579 1913 733 1953 nemini
763 1913 897 1953 adhuc
925 1916 1121 1965 quantum
1150 1912 1235 1952 scio
1264 1913 1306 1952 in
1335 1917 1515 1953 mentem

277 1981 403 2027 venit,
434 1979 616 2019 Caelium
645 1991 698 2018 ex
727 1979 932 2031 Polybio.
974 1978 1114 2031 Neque
1148 1979 1299 2018 obstat·
1322 1977 1516 2032 temporis

277 2047 398 2087 ratio.
431 2045 602 2097 Scripsit
630 2044 739 2083 enim
767 2056 866 2096 opus
897 2056 1015 2084 suum
1034 2043 1198 2084 Coelius
1232 2048 1516 2097 postmortem

277 2113 323 2152 C.
353 2110 557 2158 Gracchi,
589 2122 712 2161 quum
741 2108 845 2149 idem
862 2141 871 2157 ‚
902 2112 1005 2149 teste
1034 2101 1208 2151 Valerio
1236 2109 1434 2158 Maximo,
1465 2109 1515 2150 de

278 2179 324 2220 C.
354 2175 541 2217 Graccho
570 2179 780 2228 tamquam
809 2179 968 2216 mortuo
998 2176 1052 2216 sit
1077 2174 1239 2215 locutus
1262 2174 1377 2228 (Val.
1399 2176 1512 2216 Max.

278 2244 422 2291 1,7‚6:
456 2257 478 2278 κ
508 2242 672 2282 Caelius
702 2242 847 2288 etiam,
884 2244 1021 2281 certus
1066 2241 1276 2281 Romanae
1319 2241 1516 2281 historiae

278 2325 299 2346 α
331 2311 488 2356 auctor,
520 2319 752 2348 sermonem
795 2306 845 2348 de
883 2319 931 2347 ea
970 2320 1017 2348 re
1054 2306 1106 2348 ad
1136 2318 1232 2348 suas
1275 2314 1396 2347 aures
1439 2305 1515 2349 illo

281 2390 302 2412 «
330 2374 476 2415 adhuc
519 2374 618 2415 vivo
646 2373 885 2426 pervenisse
923 2374 1080 2414 scribit.
1113 2387 1133 2410 »
1175 2372 1317 2414 Sermo
1361 2376 1424 2413 est
1466 2372 1515 2412 de

276 2439 693 2495 somnioquodamc.
714 2437 905 2488 Gracchi,
929 2439 978 2480 de
1007 2451 1086 2492 quo
1106 2439 1250 2485 Cicero
1284 2439 1338 2480 de
1371 2438 1509 2480 divin.
