1815 2973
317 142 363 177 20
669 152 716 177 An
737 151 923 179 camma
945 115 1098 203 σ’ᾩΙΪΞῘ-Ιέ

333 218 568 269 Bondanus,
597 218 794 262 adhibitis
822 221 923 263 Mes.
942 233 968 263 a
986 221 1242 274 Ruhnkenio
1258 205 1454 277 amomis,
1473 223 1518 266 in
1567 191 1595 260 s:

281 285 428 337 quibus
471 284 641 326 extabat
681 285 797 337 Nam
836 287 892 329 ni·
929 290 968 329 te
1003 287 1172 340 pudeat
1202 286 1313 328 nihil
1339 290 1517 338 taceres,
1545 309 1547 320 2

215 406 219 411 ᾖ
281 355 414 393 totum
441 350 578 392 locum
606 363 683 404 per
709 353 794 393 vim
823 352 881 392 sic
908 351 1107 393 refinxit:

480 474 500 496 ‹
525 461 630 518 Nam*
649 462 686 498 ni
712 465 748 499 te
774 462 911 510 pudeat
934 461 1029 499 nihil
1053 466 1197 500 taceres

526 521 619 558 Cum
633 533 738 560 ‚nunc
763 525 840 558 tam
864 521 985 559 latera
1011 521 1167 559 effututa
1191 522 1353 569 pandant
1419 541 1421 545 ι

529 579 647 619 Noetu
673 581 761 630 quid
786 581 902 618 facias
927 582 1162 630 ineptiarum.
1183 594 1205 617 >›

335 697 479 750 Apage
521 709 545 737 a
583 697 700 738 nohis
741 700 899 738 tantam
940 696 1182 738 libidinem!
1229 708 1325 737 nam
1370 708 1518 737 versus

283 764 397 815 prior
440 764 521 803 iam
559 763 686 803 multo
729 764 880 803 rectius
922 763 1162 805 Ruhnkenii
1202 763 1370 815 eiusque
1401 763 1517 811 socii,

283 840 406 881 quam
434 827 588 869 Catulli
617 827 811 869 dicendus
841 831 958 869 esset.

336 893 419 934 Sub
447 892 569 933 finem
600 905 706 933 saec.
739 892 860 934 XVII
885 893 1135 945 Doeringius
1166 897 1207 933 et
1227 893 1314 946 ipse
1343 893 1385 932 in
1405 905 1444 932 v.
1469 892 1522 934 12

283 959 504 999 verborum
533 957 717 998 ordinem
746 958 930 1005 invertit,
962 957 1033 997 sed
1051 958 1094 997 in
1119 970 1187 997 vv,
1212 957 1520 1010 insequentibus

283 1024 393 1064 viam
424 1023 690 1064 Lachmanno
719 1023 904 1070 munivit,
935 1022 975 1062 id
1003 1022 1110 1074 quod
1139 1022 1259 1063 hodie
1287 1022 1377 1063 fere
1405 1023 1523 1075 igno-

284 1094 408 1136 rant3
442 1076 565 1129 edidit
593 1089 728 1128 enim:

483 1223 502 1242 «
530 1209 625 1245 Nam
650 1209 703 1243 mi
727 1209 922 1255 praevalet
946 1208 1017 1243 ista
1043 1207 1135 1243 nihil
1162 1212 1298 1243 tacere.

531 1268 607 1304 Cur
630 1280 726 1305 nune
751 1272 827 1304 tam
853 1268 973 1305 latera
997 1267 1166 1304 exfututa
1190 1269 1327 1314 pandas

529 1327 578 1363 Ni
604 1331 643 1363 tu
671 1328 755 1374 quid
782 1326 897 1363 facias
921 1326 1172 1375 ineptiarum?
1200 1339 1219 1360 »

399 1431 470 1482 ΪΙΙ.
483 1442 601 1482 Nunc
616 1443 737 1483 venio
751 1442 804 1482 ad
820 1442 1123 1482 emendationes
1138 1441 1394 1483 Lachmanni
1405 1447 1523 1496 atque

286 1509 469 1561 Hauptfi,
492 1508 569 1549 hoo
590 1513 654 1548 est
674 1508 726 1548 ad
745 1509 961 1548 lectionem
991 1521 1096 1561 quae
1116 1509 1298 1548 omnium
1327 1509 1416 1549 fere
1437 1511 1524 1550 suf-

286 1575 432 1627 fragiis
460 1573 743 1615 commendata
770 1585 883 1614 nuno
912 1573 1160 1614 dominatur.
1191 1574 1372 1616 Versum
1397 1576 1524 1628 igitur

287 1640 339 1681 12
367 1640 489 1681 hodie
517 1640 703 1681 scribunt
732 1639 910 1680 editores
957 1639 1047 1680 fere
1077 1651 1232 1690 omneS,
1266 1640 1433 1694 Hauptii
1455 1654 1523 1682 no-

285 1706 396 1747 mine
425 1710 684 1753 exornatum,
716 1706 799 1746 ita:

482 1838 502 1860 ‹<
529 1827 626 1863 Nam
652 1826 703 1862 nil
729 1830 857 1873 stupra
882 1826 996 1871 valet,
1020 1826 1115 1863 nihil
1139 1831 1277 1864 tacere.

338 1940 496 1981 Versus
526 1940 726 1980 decimum
745 1924 912 1980 tertium
938 1945 977 1981 et
997 1941 1197 1982 decimum
1216 1946 1407 1994 quartum
1425 1955 1519 1983 auc·

281 2007 453 2046 toritate
481 2006 735 2046 Lachmanni
763 2006 976 2047 scribunt:

487 2138 507 2160 ‹
535 2123 643 2161 Cur?
668 2136 739 2161 non
765 2129 842 2161 tam
867 2125 989 2162 latera
1015 2125 1180 2163 ecfututa
1202 2127 1340 2173 pandas

525 2184 594 2223 Nei
620 2188 661 2221 tu
692 2185 779 2232 quid
805 2184 918 2222 facias
942 2186 1177 2234 ineptiarum.
1203 2196 1221 2222 »

338 2301 571 2354 Perpaucos
588 2299 681 2341 illos
702 2299 892 2349 editores,
909 2302 977 2354 qui
991 2302 1111 2342 istam
1126 2301 1343 2342 lectionem
1363 2313 1446 2342 non
1461 2313 1525 2341 re·

288 2367 485 2423 ceperint,
506 2368 682 2421 pretium
704 2379 853 2423 operae
873 2379 954 2407 non
976 2372 1039 2410 est
1059 2368 1238 2414 referre,
1259 2367 1310 2407 ob
1333 2366 1375 2409 id
1393 2368 1525 2422 ipsum
