1815 2973
329 152 375 188 70
637 163 682 189 nn
704 160 874 190 roni-inus
895 162 966 189 τιτι
989 163 1065 189 nm
1085 154 1140 196 21,
1140 139 1244 189 Ῑιῖῦ
1270 187 1272 189 ,
1292 193 1297 198 ,

309 214 401 271 Pol.
423 229 558 285 3,15)‚
580 231 725 273 Livius
759 244 782 272 e
814 232 1003 274 manibus
1021 233 1214 297 optimum
1242 198 1451 294 auctorem
1477 220 1555 275 'luc-

275 335 280 341 .
310 296 562 339 dimisisset?
1487 316 1491 320 ¹

365 364 476 416 Ergo
492 364 584 404 Liv.
603 364 670 412 21,
685 365 782 405 1-20
801 366 892 405 Pol.
914 377 997 405 non
1017 369 1080 405 est
1093 369 1272 406 secutus.
1290 364 1468 410 Restant
1482 376 1550 404 ce-

309 434 398 471 tera
428 433 469 471 et
497 429 739 479 difficiliora,
771 445 895 486 quum
924 432 989 472 illi
1018 434 1092 485 qui
1121 435 1274 485 negant
1300 431 1477 472 alterum
1500 432 1552 471 ab

309 496 443 536 altero
458 499 685 536 mutuatum
703 509 805 544 esse,
824 501 1018 546 statuant,
1036 510 1250 550 perperam
1266 500 1311 536 ut
1328 497 1428 535 mihi
1444 496 1552 535 vide-

308 565 393 609 tur,
424 565 646 614 utrumque
668 562 911 602 historicum
941 561 1105 603 eosdem
1135 566 1326 603 auctores
1364 556 1550 602 secutum

309 626 441 666 fuisse
459 627 558 667 hinc
578 631 711 667 autem
729 629 905 681 vestigia
921 628 1008 668 Pol.
1029 628 1136 680 apud
1157 629 1243 667 Liv.
1263 626 1438 674 21,1-20
1458 638 1547 666 esse

309 691 546 745 repetenda.
566 693 802 746 Perperam:
820 695 900 734 iam
916 706 1059 734 causas
1079 693 1180 734 belli
1199 692 1346 732 Punici
1368 691 1550 738 secundi,

308 769 410 809 quas
427 758 589 809 quidem
612 763 652 798 et
671 759 760 799 Pol.
781 764 821 799 et
841 761 933 799 Liv.
954 763 1177 811 exponunt,
1195 771 1315 797 nemo
1336 761 1433 798 ante
1461 757 1551 796 Pol.
1595 753 1598 755 ’

309 822 457 872 attulit,
501 824 561 863 uti
603 837 727 878 supra
756 825 1075 866 demonstratum
1105 829 1167 865 est
1198 824 1238 878 (ξ
1267 822 1336 877 X):
1367 836 1448 875 qua
1470 826 1554 864 sta-

309 892 396 928 tuta
425 890 647 936 sententia,
679 891 730 929 sit
760 903 808 930 ea
847 890 966 930 modo
995 891 1166 937 stabilis,
1197 890 1344 929 horum
1374 890 1551 929 alterum

310 954 507 1007 sequitur,
528 954 688 995 Livium
710 968 784 995 sua
805 960 876 996 aut
896 956 1104 996 derivasse
1125 968 1178 995 ex
1198 955 1385 1007 Polybio,
1410 958 1481 995 aut
1501 967 1552 994 ex

310 1024 481 1060 auctore
502 1020 569 1072 qui
599 1021 687 1060 Pol.
720 1026 882 1061 secutus
913 1023 980 1062 sit.
1012 1044 1066 1051 —
1102 1021 1136 1059 A
1156 1021 1292 1060 causis
1321 1020 1418 1059 belli
1449 1015 1556 1073 (Livss

308 1084 430 1138 21‚1)
460 1085 630 1137 gradum
661 1086 769 1127 facio
789 1087 840 1126 ad
871 1088 958 1127 Liv.
991 1086 1112 1134 21,2.
1153 1086 1369 1126 Monebam
1411 1085 1551 1138 (supra

309 1153 336 1202 ἓ
353 1151 428 1204 XI)
451 1152 684 1204 plenissime
704 1157 866 1192 veteres
886 1153 1114 1198 historicos,
1137 1152 1301 1191 illorum
1323 1156 1551 1204 temporum

308 1216 516 1268 aequales,
540 1230 609 1257 res
629 1218 680 1257 ab
703 1218 940 1258 Hamilcare
960 1222 1000 1257 et
1019 1216 1279 1257 Hasdrubale
1295 1218 1338 1256 in
1353 1216 1552 1268 Hispania

275 1328 279 1331 ἢ
309 1285 446 1332 gestas
463 1282 611 1322 litteris
634 1283 908 1335 consignasse,
926 1287 971 1322 ut
989 1286 1101 1335 patet
1129 1294 1181 1321 ex
1202 1281 1377 1321 Diodoio
1392 1281 1461 1332 qui
1483 1292 1552 1320 eas

311 1345 477 1400 (25,14)
509 1347 745 1400 diligentius
774 1349 1047 1401 persequitur.
1077 1348 1190 1392 Quae
1218 1360 1340 1399 quum
1370 1347 1425 1385 ita
1454 1347 1550 1393 sint,

308 1417 466 1464 reputa,
484 1425 654 1464 quaeso,
674 1414 794 1453 haec:
809 1413 949 1453 eadem
968 1413 1056 1453 fere
1073 1417 1111 1452 et
1127 1413 1201 1453 Pol
1218 1416 1257 1451 et
1275 1413 1368 1452 Liv.
1382 1412 1547 1451 habent:

308 1488 420 1517 nunc
449 1489 647 1518 censesne
677 1478 769 1518 fieri
798 1479 993 1531 potuisse,
1016 1482 1061 1518 ut
1081 1490 1133 1518 ex
1155 1478 1292 1517 multis
1313 1489 1418 1530 quae
1445 1477 1551 1530 apud

307 1544 458 1584 multos
488 1543 580 1583 illos
609 1549 783 1599 *veteres
814 1546 1037 1596 scriptores
1072 1544 1355 1592 tradebantur,
1388 1547 1428 1583 et
1456 1544 1547 1583 Pol.

308 1613 349 1648 et
378 1610 470 1649 Liv.
495 1621 624 1661 pauca
647 1609 869 1661 eademque
888 1610 1101 1661 eligerent,
1125 1610 1220 1648 item
1242 1609 1371 1648 multa
1392 1607 1553 1648 eadem-

308 1687 387 1725 que
407 1674 722 1725 relinquerent?
750 1675 869 1714 Furit
889 1675 1072 1726 profecto
1093 1675 1162 1725 qui
1191 1678 1273 1713 tam
1303 1675 1429 1712 miras
1458 1685 1552 1712 sen-

307 1741 456 1779 tentias
477 1751 560 1779 non
592 1743 761 1778 veretur
781 1740 823 1777 in
845 1739 1063 1779 historiam
1081 1739 1317 1778 litterarum
1338 1733 1550 1777 invehere.

415 1805 531 1846 XVI.
563 1806 732 1845 Patiare
761 1809 899 1845 autem
919 1818 983 1845 me
1004 1805 1071 1845 hic
1092 1806 1393 1857 aliquantisper
1413 1816 1437 1844 a
1455 1817 1548 1856 pro-

306 1870 436 1924 posito
465 1870 662 1911 recedere
690 1875 735 1912 ut
764 1870 813 1911 de
843 1872 892 1911 iis
913 1883 1016 1924 quae
1036 1871 1240 1912 Diodorus
1262 1870 1388 1911 tradit
1414 1882 1564 1923 paucav

308 1949 508 1977 moneam.
541 1938 679 1977 Minus
709 1938 815 1976 enim
855 1950 977 1989 quam
1021 1938 1152 1989 primo
1183 1938 1319 1977 statim
1357 1936 1549 1989 adspectu

307 2002 472 2043 videtur
502 2001 731 2043 abhorrent
751 2016 814 2052 ea,
837 2015 940 2055 quae
962 2004 1011 2042 de
1033 2007 1162 2043 morte
1191 2002 1437 2042 Hamilcaris
1456 2003 1550 2043 Dio-

307 2068 431 2108 dorus
459 2067 595 2115 tradit,
625 2069 676 2108 ab
720 2069 770 2107 iis
818 2081 923 2120 quae
967 2069 1095 2109 ceteri
1133 2068 1304 2108 tradunt
1346 2069 1546 2109 historici.

306 2134 605 2187 Praeterquam
635 2133 742 2186 quod
786 2134 892 2186 apud
921 2134 1080 2187 Polyb„
1115 2134 1210 2182 Liv.‚
1243 2133 1356 2187 App„
1378 2135 1546 2181 Zonar.,

307 2213 418 2240 mors
447 2199 696 2241 Hamilcaris
726 2203 925 2240 narratur
964 2213 1047 2240 non
1077 2199 1193 2240 modo
1221 2213 1245 2242 a
1274 2199 1449 2240 Diodoro
1479 2199 1549 2239 sed

306 2266 429 2306 etiam
458 2278 481 2305 a
502 2260 658 2306 Iustino
688 2268 810 2319 atque
841 2265 1033 2306 Cornelio
1056 2266 1441 2318 Nepote..Omnium
1456 2266 1551 2306 bre-

305 2330 471 2372 vissime
513 2336 647 2371 autem
693 2332 837 2372 Livius
876 2331 1041 2379 21‚2‚3
1074 2333 1157 2371 ait:
1204 2332 1357 2372 «Mors
1393 2332 1550 2371 Hamil·
1593 2383 1598 2392 1

308 2397 417 2439 caris
437 2409 486 2437 »ι
524 2409 578 2437 ne
616 2397 689 2438 illo
719 2396 880 2450 quidem
912 2397 1062 2446 addito,
1094 2411 1173 2451 quo
1209 2397 1372 2439 tandem
1403 2397 1547 2453 mortis
