1815 2973
324 152 365 186 10
733 160 781 185 an
802 159 986 186 cnunnuu
1006 149 1113 193 2,·7-8

299 244 324 267 «
352 230 432 269 erit
459 229 498 269 ei
525 239 765 280 persuasum
769 258 869 268 ......
905 227 998 268 fore
1038 212 1178 268 tamen
1219 213 1453 280 aliquando}
1484 217 1546 285 {ut
1572 214 1591 227 ⁷
1655 226 1659 230 ’

299 309 322 330 «
353 295 485 334 omnis
513 293 582 332 hic
615 291 792 332 mundus
834 293 996 333 ardore
1036 290 1248 344 deflagret.
1279 306 1302 328 »
1343 293 1537 333 Occurrit
1580 288 1582 293 ⁷

292 357 460 410 quidem
489 358 636 404 ardor,
674 368 759 397 non
803 368 1000 408 expresso
1043 367 1197 409 genere
1226 354 1400 404 ardoris,
1430 351 1544 413 apud

299 422 539 464 Lucretium
566 421 741 468 4‚1078:

348 541 372 567 α
396 529 563 577 Namque
588 530 626 566 in
651 540 695 565 eo
720 540 806 576 spes
830 520 886 565 est
911 530 1008 566 unde
1033 533 1090 566 est
1115 529 1273 566 ardoris
1298 529 1415 576 origo.
1441 541 1461 565 ι

299 645 372 686 sed
400 657 501 686 cave
529 644 674 685 credas
703 643 948 684 vocabulum
977 643 1166 685 absolute
1185 648 1424 697 usurpatum
1443 657 1541 686 esse

297 723 372 763 pro
401 721 572 756 amore;
605 709 740 762 specie
769 713 833 748 est
860 709 1047 749 absolute
1076 712 1332 761 usurpatum,
1364 709 1451 750 non'
1469 721 1532 763 re¹¹

299 788 423 828 quum
452 776 495 815 in
524 774 649 827 longa
678 775 864 814 oratione
893 786 997 826 quae
1032 778 1169 814 exstat
1207 775 1263 814 ibi
1305 774 1355 813 de
1396 786 1541 818 amore

300 840 360 894 (in
389 841 466 880 ista
495 840 681 879 oratione
711 842 774 878 est
803 837 909 891 quod
938 850 1068 891 nuper
1087 839 1212 879 citavi
1231 838 1371 880 ardor
1389 851 1537 881 aman·

298 904 407 959 tum)
437 904 652 957 genetivus
680 903 849 943 amoris
885 906 977 955 post
1018 915 1160 943 vocem
1199 903 1338 944 ardor·
1369 908 1544 957 propter

299 982 347 1010 ea
376 981 482 1021 quae
508 969 576 1008 vel
604 967 860 1020 praecedunt
898 967 965 1006 vel
1008 973 1240 1019 sequuntur
1284 969 1337 1008 sit
1379 969 1538 1010 subau-
1590 1012 1592 1014 ,

297 1033 482 1074 diendus.
515 1033 735 1073 Lucretius
765 1032 892 1084 igitur
912 1043 995 1071 non
1014 1037 1075 1072 est
1094 1032 1289 1073 dicendus
1318 1044 1541 1086 usurpasse

297 1099 503 1139 ardorem
530 1109 604 1150 pro
634 1107 783 1142 amore
810 1095 879 1135 sed
908 1108 1131 1149 usurpasse
1150 1099 1352 1139 ardorem
1371 1098 1544 1138 amoris·

295 1163 441 1217 provi
476 1174 549 1203 seu
592 1162 756 1213 impetu
798 1161 979 1202 amoris.
1021 1162 1068 1202 In
1112 1161 1194 1203 alio
1236 1174 1398 1215 quoque
1441 1162 1540 1204 loco

297 1227 404 1282 apud
433 1227 607 1267 eundem
636 1226 873 1272 Lucretium
902 1226 1050 1272 3:251:

398 1351 419 1371 ‹
446 1336 534 1372 Sive
560 1336 731 1381 voluptas
756 1339 824 1379 est,
850 1335 929 1370 sive
956 1339 1012 1370 est
1036 1336 1239 1381 contrarius
1264 1336 1396 1373 ardor.
1414 1346 1436 1371 »

247 1484 252 1490 .
300 1452 437 1504 specie
465 1448 744 1488 tantummodo
781 1449 920 1487 ardor
958 1449 1145 1487 absolute
1185 1453 1425 1501 usurpatum
1469 1462 1538 1490 oc-

299 1515 444 1561 currit,
475 1526 598 1566 quum
636 1524 784 1553 revera
816 1524 932 1552 suam
973 1513 1056 1552 vim
1095 1522 1160 1553 ex·
1181 1514 1320 1555 verbis
1361 1514 1538 1566 reliquis

298 1580 478 1620 eiusdem
507 1590 654 1618 versus
683 1581 909 1618 mutuetur.

407 1646 460 1685 V.
479 1643 731 1684 Immorabor
746 1647 882 1682 autem
897 1643 1197 1696 aliquantisper
1207 1645 1250 1683 in
1267 1657 1370 1685 voce
1385 1645 1540 1692 ardor,

298 1723 377 1763 quo
406 1710 553 1749 melius
583 1708 750 1761 probem
793 1707 901 1760 quod
929 1708 1128 1748 hactenus
1156 1708 1254 1758 dixi,
1284 1710 1404 1750 simul
1438 1709 1538 1764 quid

299 1788 449 1817 causae
476 1775 603 1815 fuerit
630 1773 844 1826 explicem,
875 1786 951 1813 cur
971 1774 1256 1826 interpolator,
1289 1776 1324 1815 si
1354 1777 1444 1828 quis
1475 1778 1536 1816 ni-

298 1841 449 1880 mirum
477 1851 577 1879 vere
606 1839 770 1882 extitit,
803 1849 890 1876 eam
930 1840 1193 1892 usurpaverit
1219 1852 1359 1893 ¹neque
1396 1844 1534 1882 tamen

297 1906 432 1945 adhuc
460 1906 503 1944 in
531 1916 581 1943 ea
609 1903 823 1943 haeserint
853 1902 1000 1942 critici.

350 1971 495 2022 Itaque
522 1980 642 2008 nemo
672 1968 835 2019 ignorat
861 1967 1069 2007 Romanos
1099 1968 1254 2009 dixisse
1292 1971 1428 2011 ardor
1455 1983 1531 2023 pro

239 2050 244 2056 ·
296 2047 437 2084 amor,
468 2036 548 2075 hoc
577 2037 638 2073 est
665 2045 738 2085 pro
759 2032 897 2073 ardor
914 2033 1089 2081 amoris,
1109 2034 1355 2075 brevitatem
1376 2037 1538 2078 scilicet

296 2103 573 2152 aucupantes:
604 2098 676 2138 sed
702 2098 781 2137 hoc
810 2096 985 2136 forsitan
1005 2102 1097 2150 post
1125 2102 1300 2140 aetatem
1321 2102 1536 2144 Ciceronis

296 2165 380 2205 huc
408 2165 670 2218 importatum
700 2165 763 2203 est
791 2174 844 2201 ex
873 2162 1060 2211 Graecia,
1106 2169 1275 2217 νεωτέρων
1315 2179 1416 2219 quos
1453 2181 1533 2209 vo-

296 2234 390 2270 cant
408 2230 719 2271 consuetudine.
742 2231 861 2284 Apud
881 2236 1042 2272 veteres
1062 2231 1242 2273 Graecos
1264 2244 1397 2284 neque
1416 2241 1534 2285 καῦμα

296 2307 431 2347 neque
450 2302 515 2348 πῦρ
536 2295 733 2335 videntur
753 2308 840 2336 am‘
853 2309 946 2338 rem
965 2298 1151 2338 absolute
1171 2298 1372 2346 valuisse;
1391 2303 1533 2349 postea

294 2373 397 2400 vero
427 2361 671 2416 valuerunt:
694 2365 799 2401 teste
820 2363 1113 2415 epigrammate
1132 2363 1267 2411 12,87.
1289 2363 1535 2416 Antologiae
