1815 2973
410 524 514 574 AD
552 497 1001 576 CATULLUM
1043 536 1082 587 2,
1108 522 1182 584 7-8

675 940 882 984 CAPUT
920 943 957 984 Ι.

157 1276 162 1280 η
304 1223 336 1264 1.
366 1223 460 1264 Viri
488 1222 592 1263 docti
621 1222 826 1276 permulti,
861 1223 935 1262 toti
969 1234 1091 1274 quum
1129 1227 1169 1262 et
1203 1222 1360 1264 fuerint
1391 1229 1432 1264 et

191 1289 337 1331 sintin
353 1288 510 1328 duobus
530 1287 620 1343 istis
640 1287 831 1327 versibus
852 1287 1007 1335 Catulli
1028 1287 1292 1327 emendandis
1308 1293 1431 1340 atque

131 1356 135 1359 '
188 1353 248 1394 ad
287 1354 501 1407 pristinam
543 1351 718 1392 formam
761 1352 1119 1404 integritatemque
1167 1352 1428 1405 redigendis,

189 1414 416 1460 nescio‘an
443 1416 692 1457 medicorum
719 1416 812 1456 vice
846 1417 928 1456 sint
965 1416 1115 1464 functi,
1146 1418 1215 1469 qui
1251 1411 1432 1458 fomenta

179 1487 237 1524 'et
250 1482 518 1523 medicamina
537 1481 665 1522 omnis
684 1481 849 1534 generis
863 1480 1082 1521 adhibeant
1101 1481 1288 1522 sanando
1308 1495 1434 1523 mem-

189 1550 271 1590 hro
299 1547 500 1594 morboso,
531 1546 637 1598 quod
663 1548 802 1586 tamen
829 1558 911 1586 non
940 1547 994 1586 sit
1019 1546 1211 1587 remediis
1229 1550 1433 1599 temptan-

189 1610 304 1660 dum,
324 1611 395 1652 sed
415 1611 530 1652 ferro
551 1609 831 1651 recidendum.
851 1606 937 1650 Nos
963 1623 1076 1657 vero,
1108 1613 1320 1664 suspicati,
1356 1614 1427 1665 qui

188 1677 393 1719 versiculi
429 1677 561 1730 prima
602 1676 738 1716 statim
771 1675 905 1717 fronte
947 1675 1190 1718 emendandi
1232 1677 1429 1719 videntur

196 1756 252 1784 ne
282 1744 311 1783 ii
340 1743 423 1783 sint
449 1742 585 1794 potius
610 1740 837 1797 ablegandi'
871 1746 912 1781 et
944 1742 1107 1794 penitus
1137 1743 1340 1804 eiiciendi,
1369 1744 1432 1783 al·

195 1809 278 1851 tius
303 1806 506 1861 quaerere
540 1806 590 1847 de
609 1819 656 1847 re
676 1806 938 1854 instituimus,
974 1811 1019 1847 ut
1052 1806 1350 1848 dissereremus
1379 1808 1429 1850 de

195 1875 346 1915 horum
373 1885 567 1913 versuum
595 1872 677 1912 iam
696 1884 780 1913 non
801 1873 1047 1925 integritate
1066 1873 1139 1913 sed
1158 1874 1426 1915 sinceritate.

195 1938 281 1979 Nec
307 1942 457 1985 tamen,
487 1938 564 1978 etsi
591 1937 649 1977 ita
668 1936 802 1985 nobis,
825 1949 944 1990 quam
970 1936 1064 1977 data
1093 1950 1219 1991 opera
1248 1932 1430 1990 pertrac-

178 2009 340 2052 Aemus,
360 2014 511 2058 novam
529 2001 638 2042 hanc
658 2003 937 2054 quaestionem
956 2004 1254 2056 proposuimus,
1277 2004 1428 2044 missas

195 2069 360 2109 omnino
397 2079 468 2120 eas
505 2060 765 2121 quaestiones
802 2067 1001 2109 faciemus
1038 2081 1144 2123 quae
1173 2069 1254 2109 iam
1283 2068 1379 2110 inde
1403 2081 1429 2110 a

160 2157 162 2159 -
193 2130 353 2176 renatis
379 2133 531 2174 litteris
560 2134 726 2176 criticos
754 2137 948 2187 torquere
977 2137 1297 2187 consueverunt,
1317 2146 1429 2187 qua-

192 2211 286 2241 mm
312 2199 563 2253 potissimum
592 2202 688 2239 sunt
715 2197 836 2249 duae,
871 2211 955 2240 una
995 2198 1044 2240 de
1081 2202 1293 2240 structura
1328 2211 1430 2240 car-

194 2265 332 2315 minis,
352 2264 430 2306 hoc
459 2268 523 2306 est
550 2264 600 2305 de
627 2276 797 2307 numero
824 2277 1033 2313 versuum,
1062 2264 1196 2306 altera
1224 2264 1285 2306 de.
1302 2277 1429 2306 sensu

178 2331 320 2375 ,totius
340 2329 548 2378 carminis,
579 2330 712 2371 acturi
731 2329 781 2370 de
800 2318 988 2371 omnibus
1006 2330 1089 2371 huc
1108 2330 1428 2383 pertinentibus,

88 2401 100 2431 f
188 2392 381 2461 breviter
409 2395 581 2444 scilicet,
614 2395 684 2437 sed
712 2397 844 2438 acturi
873 2400 1024 2438 tamen.
