1815 2973
582 176 591 189 '
612 186 656 210 mi:
682 183 851 210 fominus
872 184 944 210 ‘rm
966 183 1038 209 Lm
1059 167 1217 216 21‚1·20‘
1261 218 1265 225 .

282 268 388 309 quae
418 265 566 295 revera
593 264 718 293 causa
746 253 881 293 extitit
906 251 1079 293 alterius
1105 251 1324 304 legationis
1360 243 1550 310 mittenss'-
1596 263 1598 266 ·

282 322 379 369 dae,
423 332 514 362 eam
558 320 816 360 existimaret
858 318 1010 371 prioris
1056 318 1209 359 fuisse.
1239 317 1328 363 Qua
1363 322 1524 360 -statuta

282 387 498 435 sententia,
529 398 648 438 quam
678 385 923 439 probaturus
952 396 1066 426 nunc
1095 397 1196 432 sum,
1227 383 1330 425 illud
1350 382 1525 426 efficitur

283 455 326 493 in
355 453 490 493 causis
519 463 678 505 quoque
698 451 797 503 ipsis
817 451 1071 503 legationum
1100 450 1190 490 Pol.
1215 450 1389 502 vestigia
1419 451 1525 503 apud

281 518 368 559 Liv.
398 521 511 559 certa
541 516 808 570 deprehendi.

335 585 483 625 Restat
511 588 556 624 ut
585 582 837 635 explicemus
867 582 941 634 qui
969 581 1122 622 factum
1153 582 1206 622 sit
1238 586 1283 623 ut
1315 581 1453 622 Livius
1483 583 1525 623 in

281 651 463 703 priorem
506 650 622 688 illum
665 660 853 687 errorem
889 647 1120 700 laberetur.
1169 649 1282 688 Inter
1316 648 1524 688 Romanos

270 714 448 768 (quibus
478 714 529 754 de
559 714 695 754 causis
725 717 867 766 postea
901 712 1071 767 docebo)
1102 713 1205 753 nihil
1235 715 1336 753 certi
1366 718 1563 754 consta--·

282 780 351 821 bat
380 780 429 820 de
459 784 642 833 tempore
680 791 759 831 quo
797 778 1026 830 Saguntum
1068 782 1340 833 oppugnatum
1376 782 1437 819 est
1475 779 1526 820 ab

282 847 532 888 Hannibale.
562 846 854 894 Quamobrem,
885 844 1040 885 bellum
1073 845 1304 886 secundum
1325 846 1526 887 Punicum

283 927 407 966 quum
437 913 581 953 initum
624 912 769 952 fuisset
799 923 911 950 anno
957 924 999 951 u.
1033 923 1068 951 c.
1100 911 1332 956 DXXXVL
1364 913 1523 960 Livius,

282 992 407 1032 quum
437 979 525 1019 eius
554 981 698 1018 auctor
730 989 813 1017 non
843 975 1078 1017 tradidisset
1096 989 1175 1028 quo
1197 981 1376 1030 tempore
1398 978 1523 1030 legati

283 1045 602 1098 Saguntinorum
633 1043 806 1083 Romam
837 1042 1057 1089 venissent,
1088 1055 1303 1095 perperam
1333 1043 1416 1095 ipse
1455 1056 1522 1083 ar-

282 1111 458 1149 bitratus
502 1113 564 1148 est
608 1120 677 1148 eos
722 1109 885 1147 venisse
921 1108 1089 1147 ineunte
1138 1120 1247 1147 anno
1286 1108 1364 1148 hoc
1412 1110 1523 1160 ipso;

283 1175 404 1228 iique
435 1187 483 1215 eo
512 1175 679 1214 facilius
711 1173 939 1213 arbitratus
970 1177 1045 1220 est,
1077 1173 1183 1224 quod
1223 1174 1264 1212 in
1305 1185 1418 1213 more
1445 1175 1528 1214 Ro·-

283 1253 499 1281 manorum
529 1239 634 1280 illud
663 1240 838 1292 positum
869 1242 970 1286 erat,
1005 1243 1049 1278 ut
1079 1243 1316 1280 exterarum
1346 1242 1526 1294 gentium

281 1307 410 1358 legati
453 1307 495 1345 in
533 1306 726 1346 Senatum
770 1304 1129 1344 introducerentur
1192 1306 1363 1346 ineunte
1405 1319 1526 1355 ann0‚

282 1372 477 1411 nimirum
505 1374 713 1424 postquam
744 1371 840 1410 novi
879 1369 1069 1410 consules
1107 1368 1390 1424 Magistratum
1428 1374 1526 1413 inis-

286 1441 389 1478 sent.
431 1436 596 1476 Addidit
640 1437 778 1488 igitur,
825 1436 889 1489 (de
934 1449 1006 1475 suo
1049 1440 1093 1475 ut
1135 1449 1208 1488 pro
1253 1442 1384 1483 certo¹
1411 1438 1526 1479 affir-

284 1515 397 1542 mare
426 1501 600 1554 aude0):
637 1501 843 1542 Consules
873 1505 973 1541 ttmc
1000 1501 1162 1541 Romae
1190 1507 1314 1543 erant
1342 1504 1394 1544 P.
1433 1505 1528 1546 Cor·-

282 1569 425 1608 nelias
453 1566 600 1617 Scipio
632 1571 671 1606 et
707 1567 774 1605 Ti.
807 1567 1090 1617 Sempronius
1120 1568 1296 1619 Lonyus
1325 1567 1523 1622 (21,6,3).

283 1633 341 1673 De
370 1645 458 1681 suo,
491 1632 607 1672 dico:
641 1635 765 1684 negat
794 1633 902 1671 enim
932 1632 1068 1684 paullo
1100 1637 1190 1684 post
1224 1632 1388 1686 (21‚15)
1419 1634 1526 1675 hanc

287 1700 417 1749 ipsam
461 1698 711 1736 notationem
756 1699 950 1750 temporis
993 1702 1105 1736 recte
1150 1710 1240 1736 sese
1283 1698 1454 1746 habere,
1487 1703 1526 1738 et

287 1768 424 1803 tamen
454 1764 658 1802 neminem
688 1767 733 1802 ut
763 1764 918 1803 erroris
948 1766 1156 1802 auctorem
1188 1763 1411 1816 redarguit.
1442 1765 1527 1805 Hoc
1570 1806 1573 1809 ᾗ

286 1833 421 1866 autem
451 1816 690 1879 praemisso,
722 1831 859 1866 cetera
891 1829 969 1866 iam
991 1828 1112 1879 plana
1144 1833 1280 1867 erunt.
1303 1829 1524 1882 Siquidem,

286 1893 590 1947 oppugnatione
620 1893 790 1945 Sagunti
821 1894 863 1932 in
894 1905 1047 1933 annum
1069 1893 1289 1934 DXXXVI
1310 1906 1525 1947 perperam

285 1959 415 2006 illata,
449 1958 526 1996 sibi
556 1962 754 1997 constans
786 1959 928 1998 Livius
964 1959 1215 1998 existimavit
1260 1959 1416 2011 legatos
1457 1961 1527 2000 Sa-

285 2023 554 2076 guntinorum
584 2024 744 2063 venisse
788 2036 835 2064 eo
880 2024 968 2076 ipso
1011 2035 1150 2070 anno,
1182 2024 1304 2071 item,
1350 2037 1398 2064 eo
1439 2025 1526 2077 ipso

284 2101 393 2129 anno
422 2089 661 2129 necessario
690 2089 856 2128 missam
888 2089 1016 2129 fuisse
1037 2093 1252 2141 utramque
1282 2090 1525 2143 legationem

283 2156 582 2194 Romanorum:
616 2154 659 2192 in
688 2153 967 2194 difficultatem
990 2166 1090 2193 vero
1110 2154 1253 2194 incidit
1270 2156 1413 2195 Livius
1428 2169 1527 2209 pro-

284 2224 428 2272 pterea
457 2218 562 2270 quod
591 2219 664 2258 vix
694 2232 743 2259 ac
773 2231 824 2258 ne
854 2220 924 2258 vix
945 2218 1104 2269 quidem
1126 2219 1247 2259 unius
1270 2221 1399 2271 spatio
1421 2223 1527 2262 anniv

284 2284 507 2337 potuissent
547 2287 609 2323 tot
652 2296 720 2324 res
765 2283 879 2323 fieri:
911 2284 1103 2322 nimirum
1133 2283 1257 2341 legati
1297 2285 1517 2338 Saguntia.

286 2350 459 2390 Romam
488 2350 646 2397 venire,
677 2355 763 2390 tum
807 2351 964 2402 priores
1006 2350 1134 2401 legati
1162 2351 1438 2391 Romanorum
1483 2353 1524 2390 in

285 2415 522 2470 Hispaniam
554 2419 593 2456 et
624 2416 665 2456 in
696 2416 881 2458 Africam
912 2416 974 2456 ire
1004 2427 1228 2469 rursusque
1258 2416 1429 2457 Romam
1459 2429 1523 2459 re-
