1815 2973
691 208 751 234 n.
758 180 945 235 osmunt
963 199 1008 240 6,
1019 194 1162 236 12-14
1432 200 1474 233 21

242 336 244 338 Ι
282 239 395 331 quod
419 277 616 329 perpauci
633 280 754 318 sunt.
794 277 905 318 Duos
946 276 1241 319 tautummodo
1269 278 1519 321 memorabo.

284 338 458 386 Ellisius
483 341 529 382 in
547 342 687 396 priore
713 341 888 385 editione
915 341 1107 390 dederat:

577 488 601 514 «
625 475 723 514 Nam
746 476 799 514 nil
823 481 927 516 stare
950 476 1064 524 valet,
1091 481 1174 523 etc„
1192 491 1213 513 »

284 601 356 643 sed
383 603 426 643 in
454 603 587 644 altera
628 602 804 645 editione
845 602 1034 658 (Londini
1061 602 1183 659 1878)
1225 616 1419 645 reversus
1455 609 1517 646 est

285 667 337 708 ad
364 668 682 710 emendationem
709 669 896 721 Hauptii,
917 673 963 726 ut
990 668 1064 709 ille
1095 668 1207 710 dicit.
1236 668 1413 721 Heysius
1443 682 1516 709 au-

285 736 382 783 tem,
412 734 482 788 qui
508 733 713 775 Catullum
740 731 980 775 Germanice
1006 733 1198 783 reddidit,
1218 734 1446 793 praetulit:

469 845 498 899 ν«ε
525 863 620 903 Nam
642 864 682 902 ni
697 864 768 902 ista
793 874 857 902 ore
881 864 994 908 valet,
1019 864 1114 902 nihil
1137 868 1264 903 tacere

527 924 665 961 Curant
688 924 762 960 iam
786 924 907 961 latera
932 923 1101 961 exfututa
1124 924 1258 972 panda.
1288 938 1308 959 ‹

299 1039 304 1047 X
337 1059 416 1101 Sed
456 1035 589 1113 neque
632 1059 936 1101 emendationes
981 1060 1078 1101 illae
1105 1073 1235 1113 aequo
1282 1061 1374 1101 iure
1417 1061 1515 1102 solis

284 1124 462 1179 Hauptio
491 1127 533 1166 et
559 1124 822 1166 Lachmanno
853 1125 1091 1166 tribuuntur
1129 1124 1251 1178 (quod
1283 1137 1428 1167 moneo
1456 1138 1512 1167 ne
1561 1150 1567 1155 -

283 1190 372 1241 quis
400 1190 484 1229 suis
512 1188 728 1229 fraudetur
753 1190 927 1238 meritis,
957 1201 1040 1229 non
1076 1193 1123 1228 ut
1148 1191 1512 1241 praestantissimis

0 1211 46 1304 Ξζῖζῖ
281 1254 384 1294 viris
411 1253 575 1294 laudem
601 1252 842 1306 detraham),
870 1265 1004 1306 neque
1032 1253 1142 1294 omni
1165 1256 1263 1293 sunt
1289 1253 1410 1294 laude
1439 1265 1510 1294 cu-

0 1302 56 1375 :-
282 1317 514 1358 mulandae.
544 1319 727 1369 Namque
740 1321 785 1357 ut
799 1318 851 1357 ab
867 1317 941 1357 illo
956 1318 1118 1357 initium
1132 1317 1300 1364 faciam,
1317 1318 1511 1371 Hauptio,

0 1385 16 1434 3³
283 1394 376 1425 cum
402 1381 456 1423 ad
483 1395 523 1423 v.
565 1381 618 1424 12
659 1381 955 1423 emendandum
997 1394 1042 1423 se
1079 1382 1262 1430 contulit,
1291 1382 1512 1424 obversata

0 1440 24 1490 [4
221 1443 223 1446 ’
283 1451 342 1487 est
372 1447 522 1499 Scalig.
554 1447 691 1494 lectio,
712 1447 756 1486 in
776 1459 856 1499 qua
883 1443 1040 1500 stupra
1058 1450 1100 1487 et
1117 1448 1232 1488 valet
1249 1448 1331 1487 iam
1350 1452 1516 1501 praesto

287 1516 420 1562 erant,
442 1512 547 1553 idem
570 1512 741 1566 sumpsit
768 1525 822 1553 ex
850 1512 985 1553 Dousa
1004 1511 1089 1553 filio
1107 1507 1355 1565 Heinsioque
1381 1513 1458 1561 nil,
1480 1516 1521 1554 et

283 1579 406 1632 paulo
435 1578 558 1618 aliter
585 1579 896 1630 interpungens‚
927 1575 971 1617 in
1013 1577 1136 1618 aliam
1173 1577 1515 1631 significationem

282 1645 412 1686 verba
440 1644 618 1685 detorsit.
647 1643 762 1689 Quod
789 1644 824 1683 si
851 1655 997 1684 versus
1025 1644 1083 1684 ita
1116 1645 1400 1685 reconcinnati
1433 1645 1518 1684 vim

283 1721 407 1762 porro
435 1707 738 1762 perpendimus,
769 1708 974 1760 legentes:

477 1863 497 1884 «
524 1849 619 1887 Nam
644 1849 696 1885 nil
721 1853 849 1896 stupra
873 1849 985 1891 valet,
1009 1849 1104 1885 nihil
1127 1852 1255 1886 tacere

524 1909 621 1947 Gur?
645 1920 719 1945 non
742 1913 819 1945 tam
843 1909 963 1945 latera
987 1906 1152 1945 ecfututa
1177 1909 1315 1955 pandas

523 1969 597 2006 Nei
621 1973 662 2005 tu
688 1968 778 2015 quid
803 1967 921 2005 facias
946 1968 1180 2015 ineptiarum.
1209 1981 1229 2003 »

262 2095 456 2147 ‚primum
484 2095 663 2134 omnium
691 2105 837 2146 parum
856 2096 955 2145 apte
967 2104 1007 2132 v,
1033 2091 1084 2133 12
1103 2092 1154 2133 ab
1174 2092 1513 2133 antecedentibus

284 2159 549 2212 seiungimus:
560 2157 909 2210 seeundo,stupra
923 2157 1088 2197 minime
1101 2157 1280 2211 probare
1293 2169 1516 2210 possumus,

282 2236 405 2277 quum
423 2235 557 2276 neque
568 2223 796 2276 praevalet
814 2221 920 2275 quod
956 2221 1115 2263 codices
1142 2222 1296 2263 habent
1316 2222 1518 2276 syllabam

209 2286 221 2288 ff
273 2302 364 2343 pra
383 2292 529 2342 arguat
544 2286 656 2342 (nam
668 2283 898 2341 praevalet
917 2288 1127 2341 supposuit
1146 2287 1323 2328 fortasse
1343 2288 1517 2341 simplici

280 2355 396 2397 valet
435 2354 504 2408 qui
545 2354 589 2394 in
628 2344 803 2394 lectione
849 2369 871 2391 «
899 2353 1001 2394 Nam
1041 2354 1089 2394 ni
1131 2353 1217 2396 ista
1258 2354 1372 2394 valet
1407 2353 1515 2394 nihil

282 2425 419 2461 tacere
446 2435 467 2457 »
498 2420 655 2460 hiatum
682 2419 805 2459 vitari
832 2417 993 2472 voluit),
1023 2431 1156 2471 neque
1176 2419 1218 2459 in
1237 2418 1393 2460 Catulli
1424 2431 1519 2459 car-
