1815 2973
274 255 447 310 quidem
475 257 583 297 tanti
611 261 674 299 est
701 258 894 317 momenti
921 259 1067 312 quanti
1098 256 1251 314 prima
1272 235 1410 303 fronte*
1439 243 1526 303 foi-'²
1538 249 1543 286 3

285 328 396 364 tasse
426 323 748 365 existimaverim
778 323 1044 379 Summopere
1073 328 1211 367 autem
1232 327 1344 367 inter
1362 330 1522 371 ceteras

284 388 530 440 placuerunt
571 386 768 429 Gronovii
812 390 1139 439 emendationes,
1179 392 1249 444 qui
1291 389 1542 435 Gronovius'

284 453 461 506 primum
487 453 738 495 coniecerat:
760 465 812 496 ne
826 454 926 507 quis
945 458 1034 496 tam
1055 455 1322 509 propinquis
1340 455 1524 499 hostium

284 518 441 560 eastris
464 517 643 572 Capuae
663 531 834 572 quoque
851 523 1050 573 oreretur
1069 524 1222 570 motus,
1245 525 1384 573 postea
1422 535 1524 564 vero

285 584 492 637 praetulit:
525 597 580 625 ne
607 585 716 636 quid
744 588 830 625 tam
855 586 1118 638 propinquis
1147 587 1334 627 hostium
1369 588 1523 628 castr-is

289 650 466 703 Capuae
494 662 664 704 quoque
691 657 950 693 moveretur.
971 652 1160 693 Prior-em
1189 652 1302 693 illam
1323 652 1521 696 Gronovii

284 716 559 757 coniecturam
603 720 767 757 secutus
797 720 860 756 est
890 729 942 756 ex
979 717 1281 758 recentioribus
1310 719 1524 759 Weissen-

282 782 453 823 bornius
488 783 530 822 in
575 783 750 824 editione
793 783 936 835 operis
980 783 1147 833 liviani;
1181 784 1260 824 nisi
1297 785 1405 837 quod
1446 798 1522 838 pro

284 859 331 886 eo
359 847 466 901 quod
496 851 559 888 est
587 852 740 896 motus,
773 848 915 888 maluit
944 852 1104 890 terror:
1135 849 1309 889 alteram
1339 850 1520 890 eiusdem

285 913 485 952 Gronovii
514 915 795 954 coniecturam
824 926 948 965 quum
968 914 1188 954 Bekkerus
1209 915 1422 967 amplexus
1443 921 1518 963 est,

283 980 368 1018 tum
399 977 522 1017 etiam
551 978 783 1032 Madvigius
814 978 916 1033 (ib.)
948 978 1110 1019 retinet.

391 1045 443 1085 II.
475 1045 625 1085 Omnes
654 1045 798 1097 procul
829 1057 853 1084 a
882 1045 1055 1085 veritate
1084 1045 1304 1086 aberrasse
1333 1046 1432 1086 mihi
1465 1049 1522 1087 vi·

282 1109 430 1149 dentur
459 1110 530 1161 qui
571 1108 841 1149 restituendis
885 1109 991 1149 Livii
1034 1110 1172 1150 verbis
1216 1123 1337 1151 curas
1384 1112 1517 1154 adhuc

281 1174 582 1227 impenderunt.
615 1175 756 1227 Neque
785 1178 922 1214 tamen
954 1175 1133 1215 omnium
1163 1181 1393 1217 commenta
1422 1178 1517 1217 sin-

280 1239 454 1291 gillatim
482 1240 702 1280 aestimare
732 1243 773 1280 et
800 1241 988 1280 refutare
1017 1244 1090 1281 aut
1119 1242 1160 1280 in
1189 1242 1327 1282 animo
1358 1247 1430 1284 aut
1450 1255 1520 1284 ne·

281 1317 396 1345 cesse
441 1309 527 1346 est:
560 1306 657 1359 quid
699 1306 819 1354 enim,
850 1307 883 1346 si
928 1307 1105 1347 maxime
1149 1307 1190 1347 id
1234 1297 1519 1362 persequendo

281 1375 568 1412 recreaturum
591 1383 653 1411 me
675 1384 764 1411 esse
784 1372 979 1412 lectorem
999 1373 1156 1412 arbitra
1165 1385 1235 1414 rer
1259 1372 1381 1428 (quod
1396 1375 1519 1429 longe

281 1438 406 1477 aliter
435 1436 529 1489 est),
561 1437 734 1476 haberet
764 1439 951 1478 utilitatis
991 1438 1093 1477 haec
1122 1439 1393 1490 disceptatio?
1423 1443 1519 1482 Ete-

280 1501 360 1543 nim
405 1502 463 1542 sic
502 1501 663 1543 iudico:
697 1506 765 1542 aut
794 1514 884 1543 mea
915 1503 1036 1556 ipsius
1065 1507 1295 1544 commenta
1325 1506 1520 1547 emenda-

281 1569 493 1619 tionesque
539 1569 742 1606 rationem
792 1568 944 1607 habent
992 1573 1061 1608 aut
1109 1581 1192 1608 non
1239 1571 1392 1610 habent
1417 1585 1425 1611 :
1478 1574 1511 1611 si

280 1632 447 1681 habent,
478 1643 536 1680 re,
568 1644 651 1673 non
680 1633 819 1673 verbis
863 1632 1054 1673 inanibus
1090 1635 1271 1687 quaestio
1309 1647 1398 1676 meo
1436 1636 1515 1691 iam

281 1698 484 1737 arbitratu
514 1698 595 1737 erit
637 1698 883 1744 diiudicata,
921 1703 1143 1751 sponteque
1186 1711 1259 1740 sua
1302 1701 1517 1742 concident

281 1763 454 1804 aliorum
486 1763 727 1813 sent-entiae;
762 1764 826 1803 sin
854 1764 1004 1812 minus,
1037 1764 1196 1806 frustra
1217 1778 1347 1821 aeque
1367 1779 1415 1807 ac
1436 1771 1518 1809 tut·-

280 1829 388 1882 pit·r
416 1828 721 1870 contendissem
749 1828 888 1869 verbis
918 1829 1025 1882 quod
1054 1829 1244 1885 deinceps
1262 1844 1308 1872 re
1325 1834 1518 1886 nequive-

281 1895 360 1935 rim
380 1900 610 1948 praestare.
625 1895 730 1936 Satis
749 1898 800 1935 sit
815 1896 942 1949 igitur
958 1896 1007 1936 de
1028 1897 1176 1937 alienis
1198 1910 1261 1938 me
1277 1901 1515 1940 commentis

241 1993 244 1996 Α
281 1962 322 2001 in
359 1962 593 2001 universum
626 1961 905 2010 tantummodo
935 1963 994 2002 sic
1028 1962 1192 2011 dicere,
1229 1975 1278 2004 ea
1314 1977 1402 2005 rem
1433 1978 1516 2006 non

280 2026 494 2067 admodum
524 2027 747 2075 illustrare,
776 2031 900 2079 utque
931 2027 1042 2068 aliud
1070 2029 1235 2081 propius
1266 2030 1346 2070 alio
1366 2031 1418 2071 ad
1447 2044 1515 2073 co-

279 2093 414 2134 dicum
444 2094 690 2146 scripturam
721 2092 903 2140 accedat,
935 2093 1095 2138 nullum
1114 2098 1251 2143 tamen
1271 2108 1359 2137 eam
1379 2097 1512 2138 lucem
1535 2117 1537 2119 ·

278 2160 367 2201 loco
396 2159 552 2200 liviano
573 2158 806 2206 admovere,
826 2163 868 2198 ut
898 2160 1064 2200 omnino
1094 2161 1136 2199 in
1167 2173 1214 2201 eo
1242 2164 1447 2214 tamquam
1469 2164 1511 2206 in

277 2237 379 2266 vera
407 2226 667 2278 genuinaque
694 2226 871 2265 lectione
902 2225 1240 2278 acquiescendum
1271 2240 1363 2268 esse
1392 2229 1514 2269 intel-

278 2292 470 2345 ligamus.
495 2292 622 2334 Cuius
652 2291 713 2332 rei
730 2292 851 2334 etiam
880 2304 1002 2332 causa
1024 2292 1065 2332 in
1085 2296 1270 2345 promptu
1293 2298 1374 2335 est:
1398 2308 1512 2336 nam—

277 2369 356 2411 que
399 2357 442 2397 in
484 2356 737 2399 emendando
766 2357 961 2397 historiae
1007 2358 1214 2398 Romanae
1257 2359 1510 2411 amplissimo

278 2427 447 2466 auctore
475 2436 574 2477 opus
602 2427 665 2465 est
693 2428 789 2466 ante
819 2424 952 2466 omnia
981 2423 1100 2478 plena
1131 2424 1326 2467 historiae
1362 2427 1513 2469 Roma⁴
