1815 2973
1425 193 1482 230 101

320 278 404 332 ,ᾗῐισ
417 264 876 339 procunsulinegoti‘um
893 263 1269 332 conquirendorum
1290 277 1334 316 in
1349 275 1505 317 Piceno

102 359 105 361 ·
155 364 158 366 ·
266 344 367 399 agro
386 345 575 386 militum.
597 343 779 385 Volones
799 347 933 385 autem
952 344 1032 393 i11i;
1050 344 1100 385 de
1119 345 1265 397 quibus
1286 343 1505 396 loquimur,

267 422 470 465 nusquam
500 411 582 451 nisi
608 411 765 451 Romae
808 411 1020 451 conscribi
1062 409 1309 463 potuerunt;
1339 407 1446 463 quod
1475 407 1511 447 si

270 478 493 529 scriptores
529 477 800 517 historiarum
835 477 912 516 hoc
952 481 1263 523 memorarunt,
1310 480 1353 517 ut
1395 480 1509 516 certe

272 548 565 591 memorarunt,
597 541 886 595 deprehendas
918 556 1092 584 necesse
1122 546 1184 584 est
1211 542 1318 597 apud
1346 541 1511 584 Livium

271 611 316 650 in
335 611 458 649 litera
478 624 504 649 r·
524 611 744 661 vestigium
772 612 890 651 verbi
922 611 1031 662 quod
1060 612 1139 651 fuit
1165 611 1346 650 Romae.
1375 611 1511 650 Unum

269 672 377 717 'addo
428 675 536 728 quod
581 688 714 716 meam
757 677 1033 719 coniecturam
1076 675 1224 730 optime
1271 670 1503 717 confirmat.

228 747 232 750 ’
272 742 455 795 Namque
486 743 591 797 haec
621 743 758 783 omnia
788 743 854 783 diu
885 747 1136 784 commentus
1166 755 1295 789 eram,
1319 754 1442 794 quum
1464 742 1506 781 in

271 809 609 863 scriptiunculam
657 809 782 850 incidi
825 822 945 863 quam
988 810 1188 851 Luchsius
1231 820 1364 861 nuper
1407 808 1509 848 scri-

271 875 350 928 psit
392 875 597 927 ediditque
641 876 683 915 in
725 876 888 918 Herma
930 876 1195 916 Berolinensi
1238 875 1367 928 (Vol.
1409 874 1508 914 XIV

270 952 363 992 pag.
398 940 478 979 142
506 940 655 994 seqq.).
687 941 764 986 Qui
805 941 1024 989 Luchsius,
1056 939 1161 992 quod
1203 940 1358 991 legitur
1401 938 1507 991 apud

269 1004 426 1045 Livium
465 1005 649 1053 23‚32‚9,
690 1007 766 1046 hoc
805 1010 867 1046 est
895 1007 1031 1059 paullo
1059 1011 1151 1059 post
1179 1006 1307 1045 verba
1337 1017 1361 1044 a
1390 1005 1506 1044 nobis

267 1074 470 1111 tractata:
522 1087 542 1107 «
572 1071 623 1111 ad
665 1071 743 1111 hoc
787 1071 918 1111 fessos
962 1073 1052 1111 iam.
1081 1072 1238 1111 animos
1282 1070 1505 1110 Sardorum

267 1151 287 1172 «
320 1136 592 1176 diuturnitate
642 1138 804 1189 imperi
837 1140 875 1177 et
909 1137 1119 1189 proximo
1159 1136 1208 1175 iis
1246 1147 1353 1176 anno
1392 1147 1508 1175 acer-

275 1219 295 1240 «
324 1203 375 1242 he
417 1207 539 1255 atque
582 1216 708 1244 avare
747 1203 1023 1255 imperitatum
1054 1219 1075 1240 »
1119 1214 1242 1255 quum
1279 1202 1323 1241 in
1360 1201 1509 1253 optimo

263 1269 443 1309 omnium
476 1269 627 1317 codice,
658 1270 701 1309 in
729 1261 914 1310 Puteano
950 1282 1024 1310 seu
1061 1268 1255 1310 Parisino
1290 1266 1398 1307 5730
1426 1278 1511 1307 sae·

267 1334 351 1373 culi
379 1335 473 1380 VII,
504 1346 625 1385 quem
655 1336 741 1387 ipse
772 1334 906 1374 denuo
929 1334 1116 1381 contulit,
1138 1333 1364 1374 invenisset
1382 1332 1513 1383 impe-

268 1400 601 1452 riretprooez'mo,
633 1401 848 1441 verissime
887 1401 1112 1441 arbitratus
1142 1402 1203 1439 est
1231 1401 1398 1451 propter
1427 1397 1515 1438 lite-

265 1477 353 1504 ram
399 1478 438 1513 r,
471 1478 577 1517 quae
618 1469 732 1505 extat
778 1469 868 1519 post
920 1466 1106 1518 imperi,
1152 1475 1337 1516 quaeque
1380 1461 1516 1503 adhuc

267 1530 458 1583 neglecta
487 1532 640 1579 fuerat,
672 1531 755 1584 legi
784 1531 962 1581 debere:
1009 1548 1029 1569 «
1059 1531 1112 1572 ad
1149 1531 1230 1571 hoc
1269 1530 1403 1570 fessos
1432 1530 1513 1570 iam
1566 1569 1569 1572 .

271 1612 291 1633 ‹<
321 1597 480 1636 animos
511 1597 736 1637 Sardorum
766 1596 1035 1637 diuturnitate
1063 1597 1234 1650 Imperi
1261 1595 1458 1636 Romani
1476 1599 1515 1634 et

269 1676 290 1698 «
315 1662 526 1713 proximo
556 1663 607 1702 iis
636 1659 746 1702 anno
790 1663 939 1703 acerbe
978 1666 1100 1715 atque
1136 1674 1264 1702 avare
1303 1661 1509 1713 imperita-

269 1742 290 1764 «
320 1731 428 1767 tum:
452 1742 473 1764 »
507 1727 573 1768 Sic
602 1728 710 1768 enim
740 1732 780 1768 et
808 1728 915 1781 apud
936 1727 1095 1768 Livium
1114 1726 1281 1776 23,3·2,9
1302 1728 1507 1767 sententia

265 1792 310 1832 fit
331 1793 491 1844 plenior
512 1797 552 1834 et
571 1794 730 1841 melior,
750 1794 870 1834 sicuti
898 1794 1015 1834 locus
1037 1797 1178 1834 noster
1210 1792 1316 1845 apud
1350 1792 1508 1832 Livium

262 1857 442 1906 23,32,1‚
466 1859 538 1899 uhi
567 1858 701 1899 adhuc
729 1860 969 1900 necessario
999 1859 1157 1912 aliquid
1187 1859 1329 1914 defuit,
1351 1858 1401 1898 ad
1428 1859 1511 1911 pri-

263 1923 415 1963 stinam
445 1927 558 1965 certe
588 1925 868 1976 integritatem
890 1926 1208 1978 sanitatemque,
1231 1924 1509 1966 emendatione

262 2001 353 2030 mea
381 1994 562 2043 recepta,
592 1991 717 2031 facile
747 1995 983 2033 revocatur.
1108 2037 1112 2040 ,

316 2054 409 2095 Noli
438 2059 573 2096 autem
602 2056 763 2105 mirari,
795 2061 840 2097 ut
882 2056 960 2097 hoc
1002 2061 1252 2110 postremum
1299 2069 1507 2103 moneam,

265 2121 430 2175 Livium
449 2121 520 2162 ubi
535 2122 704 2162 volones
727 2122 790 2162 illi
820 2122 1107 2164 conscribendi
1128 2126 1268 2163 essent
1291 2122 1507 2164 tradidisse

263 2186 441 2238 quidem,
464 2186 536 2226 sed
556 2200 638 2227 non
667 2188 823 2228 dixisse
843 2201 867 2228 a
887 2202 967 2241 quo
987 2190 1230 2242 magistratu
1251 2193 1386 2229 essent
1407 2200 1484 2229 con
1498 2210 1512 2217 -

263 2252 486 2293 scribendi.
510 2253 691 2306 Namque
711 2267 760 2295 ea
779 2267 901 2307 saepe
929 2256 1167 2296 necessario
1187 2255 1499 2302 subaudiuntur,

263 2330 541 2371 quaecumque
558 2320 601 2359 in
619 2321 902 2362 Romanorum
922 2323 1055 2375 posita
1077 2335 1193 2363 more
1216 2327 1330 2363 certa
1351 2323 1508 2362 ratione

263 2385 591 2426 constantissime
611 2399 735 2440 quum
765 2386 928 2436 fierent,
950 2400 1071 2430 nemo
1087 2389 1371 2431 Romanorum
1386 2389 1510 2442 igno-

210 2491 213 2492 γ
262 2450 381 2490 rabat
409 2452 741 2505 requirebatque.
774 2454 923 2503 Quare,
956 2468 1081 2509 quum
1110 2456 1175 2497 ius
1206 2456 1380 2498 militum
1409 2454 1509 2494 scri-
