1815 2973
588 220 664 267 ’⁰¹5
666 191 935 258 ‘eufimiam
955 217 1033 256 pm
1052 198 1211 268 21,1-20

517 305 552 335 κ
567 290 616 342 C·
623 276 626 280 ι
647 289 863 342 Gtamhns
903 291 1044 336 multis
1077 290 1196 342 dixit,
1241 295 1288 335 ut
1330 250 1527 365 scriptum

294 374 317 396 α
327 353 453 418 3pud
479 345 655 406 eundem
686 356 883 415 Caelium
905 360 978 405 est,
998 357 1107 398 sibi·
1096 369 1140 397 in
1156 357 1325 406 somniis
1348 385 1524 398 .......

225 427 240 447 ‘¹
291 438 314 462 «
331 415 518 465 fratrem
547 422 681 463 visum
711 433 800 460 esse
818 452 994 462 .......
1028 421 1109 462 hoc
1145 426 1365 476 antequam
1393 421 1526 471 tribu-

273 503 308 531 ⁷«
339 499 418 531 nus
449 487 506 541 pl.
538 484 585 526 G.
616 481 830 528 Gracchus
870 486 1002 527 factus
1034 490 1144 527 esset
1185 490 1226 527 et
1266 499 1311 527 se
1346 483 1522 534 'audisse

278 552 307 589 ἀ
337 553 480 593 'scribit
510 552 676 592 Caelius
705 555 745 590 et
773 551 888 590 illum
917 551 1070 590 dixisse
1098 551 1266 603 multis.)
1290 563 1336 596 »;
1369 551 1525 599 floruit-

283 629 361 671 que
382 617 509 670 igitur
531 616 752 670 Antipater
771 619 932 657 mortuo
951 616 1125 668 Polybio
1145 617 1319 668 eiusque
1335 617 1522 658 histori's

282 683 469 726 omnibus
498 682 581 721 iam
610 682 749 722 notis:
781 681 841 721 nil
870 681 1021 721 mirum
1041 682 1078 720 si
1097 681 1149 721 iis
1177 692 1274 721 usus
1305 684 1382 728 est,
1404 693 1525 734 prae.-

283 748 423 788 sertim
467 760 592 799 quum
637 747 861 787 historicus
905 746 1089 788 Graecus
1117 750 1258 787 tantus
1302 748 1368 786 vir
1397 751 1521 803 esset,

284 825 489 867 quumque
519 812 683 854 Coelius
714 813 842 854 bonos
885 815 1075 853 auctores
1104 813 1291 866 quamvis
1322 825 1405 853 non
1430 814 1522 856 Ro-

284 891 425 919 manos
455 879 682 919 adamaret.
713 879 824 919 Illud
850 878 1014 931 quidem
1042 879 1174 930 prima
1203 879 1336 931 specie
1356 879 1521 926 obstat,

284 944 389 997 quod
419 944 561 985 Cicero
582 934 726 985 scribit
743 956 812 985 res
842 943 1025 985 Coelium
1054 956 1108 984 ex
1127 943 1265 985 Sileno
1286 944 1523 998 sumpsisse,

220 1003 224 1010 ’
285 1022 367 1064 non
398 1022 449 1049 ex
478 1010 680 1062 Polybio:
719 1010 790 1050 sed
819 1010 951 1061 prima
980 1009 1261 1049 tantummodo
1291 1010 1438 1062 specie.

339 1074 539 1127 Equidem
567 1074 744 1115 concedo
779 1074 962 1114 Coelium
1004 1074 1201 1114 habuisse
1246 1074 1289 1113 in
1334 1073 1525 1114 manibus

285 1138 412 1179 Sileni
441 1152 557 1192 opus;
590 1140 662 1180 sed
692 1152 766 1180 cur
795 1152 878 1180 non
906 1140 1029 1180 etiam
1057 1139 1223 1192 Polybii
1248 1140 1527 1192 opus‚„u0vis-

286 1204 377 1251 simi
407 1206 587 1245 auctoris
619 1209 658 1245 et
688 1209 827 1246 tantae
870 1216 1072 1257 personae
1114 1204 1231 1244 viri?
1262 1204 1375 1244 Adde
1418 1205 1526 1258 quod

284 1269 446 1311 Silenus
476 1284 545 1312 res
573 1271 733 1323 quidem
776 1271 1021 1312 Hannibalis
1065 1273 1128 1311 est
1169 1274 1424 1323 persecutus,
1455 1262 1536 1311 sed'

284 1331 366 1376 non
396 1349 462 1376 res
492 1336 740 1378 Hamilcaris
771 1341 894 1391 atque
922 1338 1222 1384 Hasdrubalis;
1262 1337 1303 1376 in
1347 1349 1518 1389 quorum

282 1402 409 1455 igitur
428 1402 549 1442 rebus
569 1403 790 1443 narrandis
811 1402 995 1445 Silenum
1020 1416 1104 1444 non
1126 1407 1188 1444 est
1207 1403 1389 1456 profecto
1416 1403 1521 1444 Coe-

288 1467 368 1506 lius
382 1471 561 1508 secutus.
577 1467 655 1508 Sed
668 1481 720 1509 ne
738 1469 779 1508 in
794 1469 915 1509 bellis
930 1469 1092 1522 quidem
1108 1467 1400 1514 describendis,
1414 1480 1463 1519 qu
1472 1479 1521 1507 ae

286 1533 497 1573 Hannibal
527 1537 669 1574 contro
698 1534 895 1581 Olcades,
928 1535 1141 1577 Vaccaeos
1184 1538 1225 1574 et
1269 1534 1523 1585 Carpetanos

225 1587 228 1591 ⁵
284 1599 424 1651 gessit,
458 1598 574 1638 illum
604 1600 705 1639 mihi
734 1599 898 1639 videtur
927 1604 1091 1641 secutus
1109 1611 1228 1640 esse:
1262 1602 1393 1638 statue
1415 1598 1522 1638 enim

287 1664 448 1706 Coelius
477 1677 575 1705 usus
596 1665 724 1705 fuerit
745 1665 897 1713 Sileno,
917 1666 1116 1719 Polybius
1137 1666 1207 1705 vel
1226 1665 1367 1710 eodem
1382 1664 1521 1704 Sileno

285 1730 352 1769 vel
381 1729 510 1769 Sosilo
539 1731 606 1770 vel
636 1743 890 1782 quocumque
920 1731 1026 1779 alio3
1059 1743 1115 1771 an
1153 1743 1293 1771 censes
1333 1729 1422 1769 fieri
1452 1743 1522 1783 po-

286 1796 429 1843 tuisse,
461 1800 506 1835 ut
534 1809 587 1835 ex
616 1797 766 1843 multis,
796 1809 900 1848 quae
930 1796 1086 1837 Sosilus
1118 1797 1367 1847 Silenusque
1398 1796 1523 1835 tradi-

287 1860 445 1907 derant,
477 1862 672 1916 Polybius
701 1866 741 1901 et
769 1861 932 1901 Coelius
953 1862 1093 1902 eadem
1112 1865 1336 1907 sumerent;
1361 1864 1522 1915 sumpta

287 1925 433 1967 deinde
462 1927 562 1968 adeo
592 1928 634 1983 in
664 1928 838 1968 eundem
865 1940 1006 1968 rerum
1042 1927 1227 1968 ordinem
1266 1927 1518 1980 digererent,

282 1996 343 2041 ⁵ut,
373 1996 585 2046 postquam
617 1994 755 2033 Livius
777 1998 940 2034 secutus
959 1993 1087 2033 fuerit
1107 1993 1305 2040 Coelium,
1328 1992 1523 2045 Polybius

287 2063 329 2099 et
356 2059 502 2100 Livius·
526 2072 607 2099 non
637 2059 754 2100 modo
783 2061 825 2100 in
853 2060 978 2100 rebus
1008 2060 1118 2099 inter
1147 2072 1192 2099 se
1222 2059 1520 2107 consentirent,

287 2124 358 2164 sed
387 2124 430 2163 in
460 2124 606 2165 ordine
637 2125 721 2178 ipso
749 2137 888 2165 rerum
917 2128 1182 2165 narratarum
1212 2123 1521 2175 congruerent?

287 2190 415 2231 Nemo
446 2190 486 2230 id
517 2192 716 2238 censebit,
748 2192 816 2243 qui
846 2191 1008 2245 quidem
1027 2189 1205 2238 absurda
1228 2190 1380 2230 sectari
1401 2190 1517 2230 nolit.

291 2258 433 2307 Itaque
463 2256 597 2296 iudico
627 2257 786 2296 Livium
814 2256 980 2303 {zm-20
1014 2256 1201 2296 hausisse
1229 2267 1282 2295 ex
1310 2255 1520 2307 prooemio

286 2322 420 2375 operis
450 2320 653 2368 Coeliani,
684 2322 869 2362 Coelium
907 2325 1062 2369 autem,
1100 2324 1312 2374 quatenus
1340 2320 1524 2375 vestz'yia

285 2385 462 2438 Polybii
492 2388 613 2437 apud
640 2388 819 2428 Livium
847 2387 1235 2441 deprehenduntur,
1257 2399 1309 2427 ex
1337 2385 1523 2426 historiis

284 2452 472 2507 Polybii;
502 2452 631 2494 donec
659 2453 884 2496 Patavinus
904 2487 913 2504 ‚
959 2468 984 2496 a
1029 2455 1170 2497 Coelio
1214 2455 1300 2507 ipso
1345 2453 1523 2494 fortasse

1392 2541 1414 2574 6
