1815 2973
0 2013 42 2643 ’”³³3‘J†23335373&*3f133355327.5'„·‘=<'Y;'-‘';«;-·2{.·-t
12 1964 18 1969 -
10 1940 31 1954 e

38 2618 42 2621 ⁴
33 2498 52 2567 -5·‚·
32 2421 49 2467 '5:4:
33 2383 39 2387 ·
39 2346 55 2365 ,2
31 2206 60 2316 ⁴:';'':''⁴‘
43 2172 47 2178 r
56 2139 59 2141 v
32 2080 55 2104 f*
32 2006 43 2060 -ι
35 1977 49 1983 ;
40 1935 59 1957 Α.

371 531 458 581 DE
495 491 834 580 pommus
871 530 1013 580 T1T1
1046 532 1178 581 L1v1
1213 540 1398 592 21‚1-20

717 946 926 990 CAPUT
965 946 1048 987 IX.

377 1232 408 1271 Ι.
453 1231 594 1270 Pauca
631 1229 833 1269 nonnulla
875 1227 1010 1268 dicere
1058 1228 1280 1282 aggredior
1297 1260 1309 1278 ‚
1359 1242 1466 1283 quae
1484 1262 1494 1279 ,

263 1306 392 1349 parva
419 1295 506 1347 ipsa
535 1306 609 1348 per
638 1306 697 1344 se,
727 1293 901 1335 alicuius
929 1296 1070 1333 tamen
1099 1297 1196 1334 sunt
1222 1296 1433 1342 momenti,
1464 1295 1499 1335 si

264 1362 334 1413 qui
374 1361 578 1400 rationem
620 1359 987 1412 cognationemque
1015 1360 1250 1412 perspicere
1280 1359 1495 1407 studeant,

264 1436 370 1478 quae
412 1424 522 1465 forte
575 1423 811 1466 intercedat.
856 1424 966 1464 inter
1007 1435 1109 1477 opus
1151 1424 1246 1465 Livi
1289 1429 1329 1465 et
1375 1437 1501 1478 opera

263 1490 410 1542 quibus
439 1490 584 1531 Livius
612 1501 712 1529 usus
750 1492 827 1530 est.
860 1489 969 1530 Sane
987 1501 1162 1542 perraro
1183 1490 1396 1543 contingit,
1427 1488 1498 1544 qui

261 1559 390 1598 status
419 1555 902 1608 condicioque·veterum
930 1549 1040 1595 nu'nc
1069 1558 1132 1596 est
1159 1554 1391 1596 litterarum
1411 1587 1421 1604 ‚
1453 1559 1499 1596 ut

262 1622 419 1674 aliquid
447 1623 600 1661 certius
630 1622 679 1660 de
709 1621 941 1659 huiusmodi
969 1633 1016 1660 re
1045 1622 1167 1660 statui
1196 1622 1347 1672 possit:
1371 1623 1498 1672 siqui-

262 1686 353 1727 dem
382 1687 539 1732 Livius‚
571 1697 636 1725 res
665 1689 801 1738 gestas
830 1685 1115 1725 Romanorum
1144 1686 1364 1726 universas
1386 1699 1496 1727 com-

261 1753 422 1805 plexus,
454 1763 502 1791 ea
531 1750 734 1791 scribendi
763 1763 887 1802 quum
914 1751 956 1790 vi
986 1751 1285 1790 tumsuhertate
1314 1753 1495 1792 amoeni-

261 1821 424 1869 tateque
452 1817 603 1856 litteris
623 1817 716 1856 illas
739 1817 960 1862 mandavit,
983 1821 1028 1856 ut
1043 1817 1268 1858 historicos
1285 1818 1491 1858 Romanos

261 1885 358 1922 ante
387 1894 431 1921 se
459 1893 598 1921 omnes
627 1881 822 1922 oblivioni
851 1879 1047 1922 facillime
1085 1881 1312 1929 devoverit,
1349 1882 1494 1924 effece-

260 1948 396 1999 ritque
424 1950 469 1987 ut
488 1959 629 1987 eorum
649 1946 833 1987 Annales
851 1958 905 1987 ne
923 1950 1097 1986 aetatem
1135 1947 1296 1999 quidem
1316 1948 1492 1989 ferrent.

262 2012 419 2061 Quibus
457 2013 647 2066 operibus
676 2011 908 2064 deperditis,
938 2012 1154 2052 obscurata
1188 2014 1377 2065 cognatio
1416 2013 1489 2054 illa

262 2081 385 2131 atque
413 2076 514 2118 adeo
543 2081 607 2118 est
634 2078 818 2118 tenebris
847 2076 1031 2117 involuta
1060 2081 1100 2118 et
1119 2088 1250 2131 paene
1270 2070 1431 2126 obruta,
1451 2081 1497 2119 ut

261 2144 342 2183 iam
362 2146 432 2182 aut
450 2142 610 2182 nullum
629 2145 701 2183 aut
714 2143 986 2195 perexiguum
1002 2141 1229 2183 industriae
1245 2155 1385 2193 eorum
1401 2155 1495 2197 pro-

260 2206 437 2260 penatur
453 2208 691 2260 praemium,
714 2208 783 2261 qui
802 2219 876 2260 pro
896 2219 941 2248 se
961 2208 1131 2260 quisque
1151 2208 1193 2248 in
1212 2220 1260 2249 eo
1280 2208 1497 2249 elaborant

259 2267 305 2313 ut
324 2272 488 2313 taudem
507 2276 656 2326 pateat,
678 2273 815 2325 aliqua
835 2273 981 2313 saltem
1002 2285 1055 2313 ex
1082 2277 1221 2326 parte,
1251 2286 1276 2314 a
1304 2287 1383 2326 quo
1412 2275 1496 2327 pri-

260 2351 370 2379 mum
399 2339 599 2392 scriptore
617 2350 803 2392 quaeque
822 2350 893 2378 res
912 2341 1066 2386 notata,
1088 2350 1112 2378 a
1131 2340 1278 2392 quibus
1296 2338 1492 2393 deinceps

260 2404 498 2448 auctoribus
515 2403 750 2446 labentibus
769 2404 946 2446 saeculis
965 2416 1095 2457 usque
1114 2403 1165 2445 ad
1185 2403 1344 2446 Livium
1363 2405 1490 2461 fuerit

1361 2491 1382 2524 4

1537 0 1552 14 :⁵
1571 1 1581 13 ν
1632 0 1663 16 ‘e'
1681 0 1690 5 '
1704 0 1813 23 Mafa«.
