1815 2973
527 204 531 233 ἱ
570 183 605 208 τ’
593 203 643 238 'nn
651 181 832 246 verrimus
854 195 927 239 usi
946 185 1021 240 'nm
1034 186 1100 246 -21,
1115 204 1196 239 1-20
1427 204 1471 237 77

254 281 421 329 ‘nullae
447 271 651 321 extarent.
678 278 737 334 (1)
763 280 992 344 Intelliges
1012 269 1112 323 binc
1138 282 1236 336 quid
1274 294 1426 323 causae
1454 283 1510 322 sit

264 342 353 402 cur
365 337 454 386 Dio
466 357 626 398 quoque
647 344 808 387 Cassius
824 341 946 399 atque
962 347 1143 388 Zonaras
1161 358 1230 389 res
1248 347 1342 388 illas
1361 350 1406 388 ut
1422 347 1509 401 plu-

186 418 201 432 '1
247 449 253 452 .
275 413 425 453 rimum
440 411 665 451 omiserint:
686 410 760 450 Dio
781 412 888 451 enim
906 412 1084 463 antiquis
1100 412 1322 453 Annalium
1341 414 1509 466 scripto-

273 477 390 517 ribus
417 475 626 522 Romanis‚
656 474 838 515 sortasse
865 476 991 516 Fabio
1018 477 1193 524 Pictore,
1214 490 1315 518 usus
1335 482 1397 518 est
1415 477 1508 532 (Ζο-

273 554 366 590 nar.
388 534 529 581 autem'
542 540 697 590 Dione),
729 541 798 592 qui
816 541 1037 580 Annalium
1070 542 1289 594 scriptores
1308 554 1376 583 eas
1407 543 1508 583 reli-

213 616 221 622 ·
271 609 457 660 querant,
476 606 510 646 si
528 617 653 646 unum
671 606 850 658 excipias
879 604 1049 658 Sagunti
1065 605 1268 661 excidium
1293 611 1334 647 et
1359 608 1503 655 fatum,

270 672 474 713 celebrius
502 671 604 711 illud
632 683 751 723 quam
785 675 830 710 ut
858 671 1026 713 silentio
1046 673 1266 724 praeteriri
1284 676 1433 725 posset:
1456 673 1505 713 de

220 726 223 729 ’
269 738 385 778 cuius
414 740 551 777 tamen
579 735 728 786 excidii
759 740 963 788 tempore,
1007 737 1058 776 ob
1087 735 1128 776 id
1161 738 1294 789 ipsum
1323 738 1431 789 quod
1458 738 1504 777 in

268 802 425 843 Tabula
443 801 657 843 Pontificis
677 801 838 841 nullum
855 804 1039 842 notatum
1054 806 1174 849 esset,
1199 802 1307 842 nihil
1326 815 1504 855 unquam

269 868 372 909 certi
400 867 507 920 apud
547 869 756 909 Romanos
800 868 1009 914 constitit,
1055 866 1163 920 apud
1190 880 1291 919 quos
1319 868 1370 908 ob
1397 869 1504 909 hanc

268 945 357 973 rem
384 932 632 985 pervulgata
660 932 766 972 falsa
794 932 931 984 opinio
960 931 1040 972 fuit
1067 932 1146 973 duo
1162 931 1266 973 haec
1288 933 1504 972 in-annum

267 996 460 1038 incidisse
492 996 624 1049 ipsum
652 1009 731 1049 quo
759 996 912 1037 bellum
940 997 1044 1038 Pun.
1081 997 1303 1038 secundum
1336 1002 1397 1038 est
1424 998 1504 1038 ini·

267 1066 367 1103 tum:
387 1066 428 1102 et
447 1063 790 1115 oppugnationem
817 1061 999 1115 Sagunti,
1021 1065 1061 1103 et
1079 1062 1329 1116 legationem
1348 1066 1504 1103 utram-

201 1126 205 1129 ”
269 1140 350 1178 que
379 1128 657 1167 Romanorum
687 1126 790 1179 (Liv,
819 1127 976 1175 21‚6‚3:
1012 1143 1034 1164 «
1062 1127 1256 1168 Consules
1289 1132 1388 1169 tunc
1423 1128 1504 1167 Ro-

266 1203 361 1248 mae
382 1195 499 1231 erant
518 1193 566 1232 Ρ.
587 1191 801 1233 Cornelius
821 1191 953 1243 Scipio
973 1195 1013 1231 et
1032 1192 1090 1232 Ti.
1116 1192 1378 1244 Sempronius
1393 1192 1501 1232 Lon-

262 1269 338 1308 gus
358 1272 380 1294 »
401 1256 456 1296 cf.
488 1256 686 1308 21,15,4);
716 1268 820 1308 quae
847 1255 925 1295 fuit
943 1268 1069 1297 causa
1089 1268 1164 1296 cur
1181 1256 1305 1308 legati
1323 1258 1496 1309 priores,

267 1324 412 1362 contra
441 1320 546 1373 quod
573 1320 770 1373 Polybius
799 1320 1007 1368 traditset
1034 1332 1186 1361 revera
1227 1321 1327 1369 fuit,
1358 1321 1413 1375 (2)
1444 1320 1500 1361 di-

264 1390 460 1427 cerentur
486 1387 724 1439 pervenisse
752 1387 795 1425 in
822 1386 1063 1439 Hispaniam
1089 1387 1322 1426 Hannibale
1341 1386 1499 1438 Sagun—

264 1455 351 1491 tum
378 1452 460 1492 iam
488 1451 558 1491 diu
586 1454 845 1504 oppugnante
873 1450 1033 1505 (Cicero
1060 1451 1172 1492 Phil.
1203 1451 1382 1499 5‚10,27.
1408 1451 1495 1491 Liv.

262 1515 402 1564 21,9,3
430 1529 541 1568 seqq.
571 1517 743 1568 Appian.
771 1517 834 1556 lb.
865 1517 927 1555 XI
955 1517 1104 1557 Zonar..
1127 1516 1254 1569 821).
1275 1516 1383 1556 Illud
1402 1528 1497 1570 quo·

5 983 61 1000 ,2¹-

8 1018 68 1056 ,2225

2 1057 68 1091 g

1 1087 21 1130 1¹2)-
29 1102 67 1129 ιζ»,

38 1142 39 1148 ,
55 1133 61 1142 ι

2 1173 14 1190 „1
34 1162 37 1167 ’

24 1189 45 1207 ξ,,

0 1239 56 1256 ἰὴ.
66 1249 73 1260 Δ

15 1290 33 1307 *13

0 1298 31 1342 tv
56 1309 60 1317 ⁴

0 1384 32 1413 735
54 1407 59 1411 .

0 1412 31 1436 ψ,
48 1428 50 1431 ,

0 1480 25 1500 ’,κ’

0 1614 42 1659 ἐς

0 1674 44 1728 ’ᾗ
302 1687 350 1730 (l)
374 1687 487 1725 Quum
501 1685 648 1719 Romani
663 1688 741 1731 ante
754 1696 882 1719 annum
896 1685 940 1720 U.
957 1697 988 1726 c,
1006 1685 1183 1718 DXXXVl
1199 1686 1353 1727 legiones
1368 1686 1489 1720 nullas

0 1724 42 1781 ²}-
263 1741 302 1774 in
322 1740 518 1783 Hispaniam
540 1740 727 1780 misissent,
751 1740 942 1773 desiderata
963 1743 1016 1774 est
1037 1741 1075 1773 in
1095 1739 1288 1773 Annalibus
1315 1740 1491 1779 Maximis,

0 1777 65 1838 ξ
261 1795 349 1828 item
369 1794 407 1827 in
427 1794 583 1827 historiis
605 1794 835 1827 Romanorum
857 1794 1015 1838 Liviique
1037 1804 1138 1837 opere
1172 1794 1296 1828 notitia
1318 1805 1432 1828 rerum
1453 1794 1490 1827 in

0 1840 65 1906 ξύ,
258 1848 429 1893 Hispania
450 1851 536 1883 ante
553 1859 680 1883 annum
701 1848 801 1882 illum
823 1852 1012 1892 gestarum.
1036 1848 1103 1882 Sed
1126 1850 1168 1883 ab
1200 1849 1262 1882 illo
1285 1850 1364 1884 inde
1385 1860 1487 1890 anno,

0 1898 72 1950 ἑξ
261 1903 505 1936 dimicantibus
527 1903 574 1935 ibi
597 1904 775 1943 Romanis,
806 1903 990 1946 Hispaniae
1004 1903 1149 1936 historia
1164 1904 1257 1936 facta
1270 1907 1323 1936 est
1337 1904 1492 1937 Romana

0 1946 52 2022 ξ’,
264 1957 420 1998 historia,
446 1967 547 2001 quam
570 1960 744 1991 exaratam
766 1967 787 1990 a
808 1957 974 1992 Pontifice
995 1957 1147 1992 Maximo
1163 1957 1357 1992 retulerunt
1377 1958 1416 1991 in
1431 1968 1494 1992 sua

0 2012 70 2054 53⁴„
258 2022 363 2055 opera
385 2012 591 2054 scriptores:
613 2012 699 2044 unde
723 2014 852 2045 iactum
874 2015 927 2046 est
948 2015 986 2045 ut
1007 2013 1050 2045 ab
1072 2011 1134 2045 illo
1155 2012 1235 2045 inde
1265 2022 1353 2045 anno
1374 2012 1494 2046 Livius

0 2051 67 2111 *fs
262 2066 447 2109 quotannis
469 2075 525 2099 res
548 2065 600 2098 ibi
622 2068 737 2107 gestas
759 2065 991 2109 descripserit:
1016 2066 1059 2099 cf.
1073 2065 1147 2098 Liv.
1163 2065 1264 2105 21,60
1290 2076 1385 2110 seqq.
1404 2066 1494 2109 (ann-

0 2123 92 2152 s
264 2118 470 2158 oxxxw)
498 2113 607 2159 '22‚19
637 2130 731 2162 seqq.
766 2119 868 2162 (anm
897 2120 1117 2162 nxxxvn)
1142 2119 1243 2159 23‚26
1276 2130 1369 2162 seqq.
1402 2120 1496 2163 (ann.

0 2166 34 2221 f·
71 2199 73 2201 ,
254 2172 483 2216 nxxxvm)
504 2171 642 2215 23‚48,4
659 2183 755 2218 seqq.
781 2176 871 2215 (ann.
894 2172 1090 2216 DXXXIX)
1114 2175 1182 2207 etc.

0 2220 42 2274 {32
299 2228 349 2271 (2)
372 2228 513 2261 Priores
536 2227 645 2270 legati
678 2231 907 2262 accesserunt·
920 2229 1163 2270 Carthaginem
1192 2229 1322 2262 Novam
1345 2232 1492 2263 exeunte

0 2307 61 2333 Ξ
258 2291 348 2315 anno
369 2280 411 2315 U.
434 2293 462 2315 c.
486 2281 676 2322 DXXXIV,
699 2282 888 2316 Hannibale
908 2283 958 2315 ibi
980 2282 1124 2316 hiberna
1144 2285 1281 2325 agente,
1300 2292 1342 2316 ex
1364 2283 1488 2326 quibus

0 2322 62 2382 gif-373⁴
87 2327 91 2349 ³
205 2332 207 2334 ’
256 2335 411 2370 hibernis
434 2345 593 2378 egressus
616 2337 808 2379 Saguntum
830 2337 969 2371 adortus
991 2340 1057 2371 est:
1073 2337 1191 2381 Polyb.
1205 2336 1327 2378 3‚15,3.
1343 2336 1488 2380 Sagunti

0 2381 42 2440 {17¹-
79 2436 82 2439 Δ
253 2391 463 2434 oppugnatio
486 2401 574 2425 anno
596 2390 705 2433 igitur
727 2390 889 2424 DXXXV
911 2392 1005 2426 facta
1026 2394 1090 2426 est.
1123 2391 1235 2425 Alteri
1260 2392 1369 2435 legati
1399 2391 1488 2424 Car-

0 2442 59 2503 [04³.
203 2479 205 2481 ,
255 2445 433 2489 thaginem
455 2445 587 2479 Novam
621 2448 789 2490 venerunt
823 2448 967 2481 exeunte
1000 2455 1089 2480 anno
1122 2445 1309 2486 DXXXV,
1334 2446 1487 2487 Sagunto

254 2499 386 2535 exciam
410 2499 535 2543 Polyb.
559 2500 682 2541 3,20,8.
