1815 2973
567 588 669 638 AD
711 563 1004 637 12va
1045 594 1237 648 23‚17‚7

754 1007 963 1048 CAPUT
997 1007 1050 1047 X.

388 1283 426 1324 Ι.
460 1284 594 1324 Locus
638 1283 680 1323 in
719 1283 927 1324 codicibus
965 1282 1023 1323 sic
1063 1286 1283 1337 corrupt-us
1331 1283 1515 1337 legitur:

284 1366 304 1388 «
333 1349 540 1390 Hannibal
557 1349 723 1390 Acerris
738 1350 904 1402 direptis
919 1353 1040 1402 atque
1055 1349 1244 1397 incensis,
1263 1363 1386 1402 quum
1403 1362 1428 1390 a
1443 1350 1520 1390 Ca-

284 1431 306 1453 «
334 1416 423 1455 sino
440 1410 925 1455 dictatorem'Romanum
943 1416 1214 1469 leyz'onesque
1227 1415 1361 1455 nimi-s·
1377 1416 1520 1468 aceipz'

285 1497 307 1518 «
334 1482 610 1527 nuntiassent,
628 1494 678 1521 ne
700 1482 791 1534 quis
810 1485 892 1521 tam
913 1481 1151 1534 propinquis
1171 1481 1348 1520 hostium
1370 1481 1517 1521 castris

285 1561 306 1582 «
335 1547 495 1597 Capuae
524 1558 681 1598 quoque
710 1550 1034 1594 orerecurrunt,
1065 1546 1294 1585 exercitum
1323 1544 1374 1585 ad
1404 1545 1518 1586 Casi-

286 1626 307 1647 «
336 1612 464 1650 linum
493 1610 615 1650 ducit.
651 1627 672 1647 »

336 1677 474 1716 Mente
515 1676 705 1717 bifariam
747 1677 837 1716 loco
880 1677 1026 1722 diviso,
1063 1676 1271 1716 videamus
1303 1680 1397 1716 ante
1431 1688 1516 1716 om·

281 1736 463 1793 niaquid
492 1743 571 1781 viri
600 1743 705 1782 docti
727 1743 809 1781 sint
838 1741 971 1793 adhuc
992 1743 1219 1781 commenti.
1240 1741 1303 1781 Ad
1332 1742 1512 1794 priorem

281 1808 362 1849 loci
376 1811 533 1860 partem
549 1807 653 1859 quod
668 1809 826 1855 attinet,
845 1809 887 1847 in
902 1807 1085 1847 diversas
1102 1804 1273 1860 prorsus
1287 1807 1513 1847 sententias

281 1874 433 1913 abeunt
460 1875 728 1926 interpretes:
761 1873 858 1912 olim
888 1873 996 1912 enim
1025 1873 1151 1914 Valla
1180 1873 1357 1912 coniecit
1385 1873 1516 1925 leyio-

279 1950 437 1991 nosque
464 1950 594 1979 novas
623 1939 773 1985 acciri,
807 1939 971 1993 Lipsius
999 1950 1100 1978 vero
1120 1938 1394 1990 legionesque
1413 1938 1516 1979 emi-

278 2016 360 2043 nus
387 2005 546 2055 aspici,
578 2004 647 2043 alii
684 2004 766 2042 alia
805 2005 938 2043 minus
981 2007 1122 2043 notatu
1152 2002 1293 2055 digna,
1326 2015 1446 2055 quae,
1478 2004 1514 2042 si

278 2069 344 2109 cui
382 2069 522 2116 libeat,
554 2070 740 2109 inveniet
786 2070 950 2110 curiose
992 2069 1168 2109 collecta
1197 2068 1302 2121 apud
1331 2068 1515 2108 Draken-

277 2134 491 2174 borchium
536 2134 614 2186 (ed.
661 2133 797 2189 Liv.);
847 2135 974 2174 donec
1015 2133 1243 2190 Madvigius
1274 2134 1512 2186 nuperrime

278 2198 463 2252 (Emend.
493 2200 583 2239 Liv.
613 2198 674 2239 ed.
705 2200 774 2239 alt.
805 2198 901 2253 2319)
938 2200 1097 2239 censuit
1134 2198 1351 2251 legendum
1381 2199 1515 2250 leyz'o-

273 2276 430 2316 nes-que
457 2265 604 2305 venire
631 2266 848 2307 Numidae
876 2266 954 2307 citi
979 2266 1254 2307 nuntiassent.
1278 2265 1391 2310 Quae
1428 2278 1516 2305 om-

276 2331 360 2374 nia,
384 2333 437 2369 >ut
465 2342 559 2370 mox
587 2331 816 2383 explicabo,
838 2331 936 2370 mihi
957 2342 1167 2384 perperam
1188 2331 1420 2383 excogitata
1455 2330 1517 2369 vi-

277 2396 515 2443 dentur.,—
534 2395 598 2436 Ad
615 2401 863 2450 postremam
885 2398 965 2438 loci
984 2401 1142 2451 partem
1158 2396 1264 2448 quod
1279 2397 1425 2437 attinet
1441 2396 1515 2436 mi-

279 2474 359 2503 nus
380 2457 607 2518 discrepant
627 2463 736 2504 inter
756 2476 800 2504 se
821 2463 1081 2517 interprete3‚
1104 2474 1348 2517 quamquam
1369 2474 1420 2503 ne
1434 2462 1514 2504 hoc
