1815 2973
674 292 719 315 an
741 291 929 317 cnuthum
951 284 985 322 2,
998 284 1056 316 7-8
1403 284 1443 316 15

129 359 167 410 ⁷„
220 348 225 413 J
248 371 418 407 necesse
446 363 565 400 esset.
586 360 701 400 Tunc
730 360 941 400 enimvero
970 363 1087 412 poeta
1116 371 1216 400 vere
1234 371 1380 400 amans
1412 359 1489 399 mi·

126 418 149 486 ,⁵
205 455 207 457 -
250 438 343 481 sere
372 425 627 465 exanimatus
655 425 857 464 maestitia
885 425 1043 475 ingenti
1061 424 1315 465 afficiebatur
1335 426 1486 464 obrue-

166 474 169 475 7
199 508 202 510 ’
249 490 461 543 baturque,
482 500 683 541 quumque
710 489 845 528 omnia
872 500 977 542 quae
994 487 1100 542 apud
1120 489 1312 530 Lesbiam
1331 482 1491 537 essent,

251 556 414 607 penitus
456 554 584 594 infixa
625 555 773 600 animo,
818 555 856 593 ei
897 555 1010 607 qu'asi
1042 556 1093 595 ob
1122 555 1261 594 oculos
1290 556 1485 595 obversa-

251 623 410 668 rentur,
439 618 699 672 passerculus
727 619 966 671 praesertim
994 632 1112 672 quem
1141 620 1227 672 ipsa
1255 620 1296 660 in
1325 619 1483 661 deliciis

226 684 437 744 babebat,
467 685 577 724 hunc
606 684 703 724 olim
730 685 1009 736 passerculum
1037 687 1224 737 quamvis
1272 685 1485 726 absentem

251 749 452 789 allocutus
495 752 555 788 est
595 749 778 788 versibus
817 748 1052 789 dulcissima
1087 748 1252 790 refertis
1282 751 1484 796 amaritie‚

253 814 484 867 suspirans:
520 828 541 851 ‹<
569 814 725 853 utinam
744 826 819 866 ego
852 814 1000 866 possim
1034 813 1177 854 ludere
1205 818 1337 855 tecum
1366 827 1485 867 quem

253 878 305 917 ad
346 877 507 917 modum
548 889 638 917 mea
680 878 823 917 Lesbia
863 878 987 918 facit!
1024 891 1069 917 »:
1114 879 1213 919 scite
1255 883 1481 932 arguteque

249 942 415 990 dictum,
447 955 569 994 quum
597 943 699 983 haec
728 944 854 983 verba
883 943 1023 983 eodem
1052 942 1239 983 recidant
1265 956 1343 995 quo
1374 945 1454 984 ista
1472 957 1504 984 :.

255 1021 277 1044 «
314 1007 469 1046 utinam
509 1018 583 1059 ego
620 1007 769 1058 possim
806 1007 991 1047 Lesbiam
1026 1007 1135 1047 domi
1173 1007 1423 1048 convenire!
1457 1024 1479 1044 »

250 1070 433 1129 Namque
474 1072 618 1112 levare
659 1072 804 1112 tristes
846 1083 977 1112 curas
1017 1072 1155 1112 animi
1200 1084 1298 1112 num
1340 1084 1485 1113 censes

253 1135 346 1176 fore
374 1140 419 1176 ut
447 1135 634 1177 Catullus
663 1139 798 1188 posset
827 1137 862 1176 si
894 1148 983 1176 cum
1025 1148 1200 1189 passere.
1229 1137 1404 1185 luderet,
1437 1150 1484 1178 ac

252 1212 334 1240 non
363 1202 495 1253 potius
514 1202 549 1240 si
566 1213 649 1241 una
668 1214 760 1241 cum
779 1200 924 1242 Lesbia
944 1201 1079 1241 esset?
1107 1202 1192 1242 Nae
1220 1203 1487 1243 vehementer

211 1259 214 1262 ’
255 1265 434 1305 errareS.
455 1267 606 1307 Verbis
635 1266 852 1318 exoptabat
879 1270 1000 1319 poeta
1028 1266 1169 1306 videre
1197 1280 1420 1319 passerem,
1441 1280 1487 1306 re

254 1334 390 1370 autem
418 1331 618 1370 Lesbiam.
649 1330 868 1370 Praeclare
898 1331 1024 1382 igitur
1053 1334 1094 1369 et
1121 1331 1291 1382 poetice.

304 1395 420 1440 Quod
462 1396 497 1434 si
538 1408 703 1435 sensum
746 1395 937 1435 carminis
974 1399 1085 1435 recte
1114 1396 1356 1447 enucleavi,
1396 1398 1485 1436 iure

251 1463 441 1499 octavum
468 1471 634 1498 versum
661 1471 782 1511 supra
809 1460 1031 1510 exagitavi.
1063 1458 1266 1512 Siquidem
1281 1465 1398 1513 poeta
1416 1473 1490 1501 so-

254 1524 387 1565 lamen
416 1526 568 1564 amoris
597 1526 640 1564 in
660 1525 916 1565 sermonibus
937 1525 1106 1576 iocoque
1125 1538 1216 1564 cum
1237 1524 1388 1566 Lesbia
1407 1526 1485 1565 sibi

251 1588 440 1642 fingebat;
461 1589 597 1643 itaque
612 1588 755 1642 oppido
771 1589 925 1629 absone
945 1588 1089 1629 Lesbia
1108 1589 1315 1630 diceretur
1335 1590 1489 1631 solacia

252 1656 294 1693 in
314 1655 400 1694 luso
420 1667 512 1693 cum
540 1667 708 1707 passere
729 1654 807 1692 sibi
825 1666 987 1706 parare;
1006 1655 1113 1705 quod
1132 1667 1310 1705 quanam
1329 1657 1489 1695 ratione

251 1718 340 1759 fieri
359 1719 501 1772 potuit,
523 1720 557 1758 si
576 1719 780 1759 Catullum
801 1723 842 1758 et
860 1719 948 1771 ipsa
968 1719 1141 1758 invicem
1161 1718 1341 1759 amabat?
1361 1719 1491 1759 Prae-

251 1788 381 1832 terea,
406 1796 528 1824 sensu
544 1784 630 1830 illo,
649 1797 768 1834 quem
788 1783 885 1832 dixi,
906 1784 1088 1835 probato,
1106 1783 1210 1822 bene
1231 1784 1489 1835 respondebit

250 1859 396 1888 versus
427 1848 619 1901 septimus
648 1847 700 1887 ad
728 1859 871 1888 versus
900 1851 1124 1900 postremos
1145 1847 1340 1887 carminis
1370 1847 1484 1888 istos:

497 1958 516 1979 «
545 1946 684 1981 Tecum
709 1945 839 1981 ludere
865 1945 959 1981 sicut
983 1945 1062 1991 ipsa
1086 1954 1231 1991 possem

541 2005 589 2041 Et
615 2005 741 2041 tristes
767 2005 878 2041 animi
902 2004 1028 2041 levare
1053 2004 1179 2040 curas!
1210 2018 1229 2038 »

305 2097 418 2136 Tunc
448 2097 557 2136 enim
585 2100 702 2150 poeta
730 2096 866 2136 dicat:
897 2096 1051 2136 utinam
1082 2107 1241 2148 possem
1270 2107 1346 2147 ego
1368 2095 1493 2148 depo-

252 2173 353 2202 nere
382 2162 521 2202 tristes
550 2174 670 2202 curas
698 2162 836 2208 animi,
867 2173 985 2213 quem
1016 2161 1068 2201 ad
1096 2160 1256 2201 modum
1277 2161 1424 2201 Lesbia
1446 2173 1491 2201 se

252 2227 428 2267 solatur.

306 2291 420 2333 Haec
454 2292 572 2333 -inter
615 2305 658 2333 se
702 2293 744 2333 in
788 2292 930 2334 eodem
973 2293 1154 2333 carmine
1198 2291 1490 2344 respondentia

241 2360 417 2410 ⁴propria
439 2363 535 2398 sunt
563 2372 653 2398 cum
673 2359 820 2399 horum
840 2360 1042 2399 leviorum
1062 2359 1380 2409 breviorumque
1401 2371 1493 2398 car-

253 2424 422 2472 minum,
454 2427 536 2464 tum
566 2424 740 2464 maxime
770 2424 1112 2471 Catullianorum,
1129 2422 1236 2475 quod
1257 2423 1300 2463 in
1322 2435 1410 2477 cap.
1431 2436 1491 2464 se-

251 2491 394 2538 quenti
422 2489 557 2529 dedita
586 2502 711 2540 opera
740 2502 1048 2541 persequemur.
