1815 2973
299 129 393 182 fao
717 132 986 178 *summust
1006 135 1121 184 2220
1201 125 1210 131 ⁴
1244 117 1255 132 ’ζ
1311 123 1331 134 ”

306 259 310 263 ,
352 199 635 280 -ΒροηςοΠιιεε
1179 206 1181 208 ’

455 338 475 360 ‹
501 326 550 363 Et
575 326 694 364 hunce
721 328 864 386 Galliae
889 332 927 365 et
950 328 1083 366 timent
1105 329 1331 367 Britanniae.'
1355 343 1375 364 ›

361 430 393 470 1.
427 431 605 471 Munro:

487 554 507 576 ‹
534 541 584 577 Et
609 509 717 578 huice
744 541 866 579 Gallia
892 546 929 579 et
955 546 1070 580 metet
1094 542 1314 580 Britannia?
1342 557 1363 578 n

355 646 404 686 L.
434 645 607 687 Miiller:

402 768 422 790 α
450 755 643 792 Timentne
669 755 812 810 Galliae
837 755 955 799 hunc,
982 756 1114 792 timent
1137 755 1348 792 Britanniae
1374 756 1427 793 »i

350 847 434 889 ‘Tot
475 849 655 901 taliaque
697 850 845 902 partim
889 850 1000 890 acuti
1042 849 1192 902 partim
1229 850 1396 890 minime
1438 841 1548 890 acuti

303 915 385 955 viri
414 915 457 954 in
486 915 661 955 medium
689 915 963 967 protulerunt.
984 916 1085 963 Quis
1116 919 1253 955 antem
1282 919 1365 955 tam
1387 914 1548 955 ferreus

282 984 365 1020 -est
393 981 462 1031 qui
491 980 541 1020 de
571 981 749 1033 singulis
779 980 985 1020 disserere
1016 981 1216 1021 sustineat
1235 980 1252 1021 ἓ
1271 980 1422 1028 Quare,
1453 982 1548 1032 pro-

302 1058 402 1099 pero
431 1045 484 1085 ad
512 1057 644 1086 meam
675 1047 968 1086 coniecturam.

356 1112 485 1151 Poeta
527 1115 743 1151 enumerat
770 1111 942 1163 praedas
962 1141 971 1157 ,
1004 1123 1108 1163 quas
1139 1115 1277 1160 vocat,
1299 1111 1548 1160 Mamurrae,

302 1175 379 1216 hoo
407 1179 469 1216 est
498 1187 547 1216 ea
576 1187 680 1228 quae
709 1175 832 1227 gulae
861 1180 903 1216 et
931 1175 1124 1216 luxuriae
1155 1180 1196 1216 et
1223 1176 1344 1216 luxui
1374 1176 1462 1216 eius
1501 1176 1545 1217 in

302 1242 498 1295 praedam
527 1245 822 1282 concesserant
840 1255 849 1281 :
882 1242 924 1281 1⁰
944 1243 1126 1282 Paterna
1144 1242 1263 1282 bona.
1282 1242 1327 1282 2⁰
1345 1241 1540 1294 praedam

302 1309 519 1349 Ponticam
548 1307 781 1361 (manubias
810 1320 863 1347 ex
882 1307 990 1347 bello
1013 1307 1294 1348 Mithridatico
1313 1307 1455 1361 procul
1474 1298 1567 1347 du?

302 1375 384 1423 hio,
415 1378 461 1417 ut
480 1373 673 1427 intelligit
692 1373 908 1427 Hauptius,
932 1385 1017 1414 non
1037 1385 1084 1415 ea
1104 1386 1209 1426 quae
1230 1372 1385 1415 Caesar
1405 1386 1458 1415 ex
1479 1373 1546 1414 Bi-

303 1441 450 1492 thynia
470 1442 770 1492 reportaverat,
792 1451 898 1491 quae
916 1439 1119 1478 sententia
1139 1439 1279 1479 fuerat
1307 1439 1340 1479 Ι.
1374 1438 1543 1489 Vossi.);

276 1493 278 1496 Α
301 1506 348 1545 3⁰
376 1504 571 1558 praedam
598 1504 796 1545 Hiberam
826 1503 1058 1554 (manubias
1088 1516 1140 1545 ex
1160 1503 1270 1545 bello
1291 1505 1543 1554 LusitanicO,

280 1571 435 1610 'iudice
470 1572 503 1610 Ι.
527 1570 686 1616 VossIo,
709 1570 962 1609 assentiente
982 1570 1039 1610 M.
1062 1569 1269 1622 Hauptio).
1291 1563 1478 1622 Denique
1497 1570 1546 1610 de

301 1641 449 1689 quarta
469 1635 631 1676 locutus
653 1638 712 1676 est
727 1638 846 1688 poeta
861 1634 1028 1688 praeda,
1047 1635 1241 1676 nimirum
1263 1647 1320 1676 ex
1339 1633 1475 1676 Gallia
1505 1639 1546 1677 et

301 1703 533 1742 Britannia.
552 1701 762 1745 Quaenam
777 1701 904 1741 verba
920 1701 995 1740 sub
1010 1701 1146 1741 verbis
1161 1706 1354 1754 corrupte
1373 1702 1536 1742 traditis

300 1766 449 1808 latent?
469 1766 559 1820 Ego
574 1767 635 1807 sic
654 1767 860 1807 existimo:
878 1779 1001 1819 quum
1016 1770 1134 1819 poeta
1149 1770 1319 1808 servato
1335 1767 1545 1820 tempor-is

303 1832 479 1877 ordine,
516 1832 822 1871 enumeraverit
854 1833 935 1871 iam
964 1836 1049 1871 tres
1087 1831 1282 1882 praedas,
1317 1836 1543 1884 pergatque

303 1909 425 1950 porro
454 1909 712 1946 enumerare,
731 1909 815 1945 eas,
849 1899 1096 1949 autquarta
1119 1896 1156 1937 ei
1185 1896 1405 1938 dicendum
1433 1900 1540 1947 erat,

301 1975 524 2017 versusque
552 1963 731 2003 fortasse
751 1958 819 2002 hic
835 1962 926 2003 fere
946 1962 1161 2002 faciendus
1179 1974 1188 2001 ε

451 2086 471 2108 ‹
498 2073 683 2120 Fiuntque
708 2077 851 2120 quarta
876 2073 1019 2109 Galliae
1045 2077 1082 2110 et
1106 2073 1329 2110 Britanniae.
1356 2086 1376 2108 ›

302 2184 385 2228 aut,
415 2180 608 2233 quoniam
638 2183 801 2232 quarta
828 2178 953 2231 preda
996 2178 1137 2219 eadem
1171 2182 1279 2219 esset
1300 2183 1540 2233 postrema,

303 2258 377 2299 pro
406 2249 558 2298 quarta
587 2244 701 2285 aliud
728 2243 900 2284 verbum
925 2244 1172 2297 ponendum,
1203 2244 1299 2285 dum
1318 2276 1327 2293 ,
1358 2250 1541 2299 tempore

304 2312 448 2364 quovis
464 2311 581 2351 modo
597 2313 749 2357 notato,
766 2310 1071 2363 intelligeretur
1084 2323 1174 2351 eam
1194 2322 1283 2351 esse
1296 2315 1541 2364 postremam
1601 2302 1603 2305 ¹

308 2389 394 2417 non
414 2375 546 2425 modo,
569 2376 641 2418 sed
666 2377 789 2417 etiam
817 2380 1075 2430 praesentem
1105 2380 1146 2418 et
1170 2377 1212 2416 in
1233 2379 1433 2432 promptu,
1451 2389 1548 2420 ver-
