1815 2973
277 286 586 345 praetulissent.
624 284 800 348 Legenti
821 273 936 335 mihi
961 265 1198 336 mmuh
1205 275 1321 343 urite
1373 335 1377 339 ,

276 502 399 541 quam
428 485 553 531 etiam
579 491 790 554 tumuitus
819 486 928 545 (Li-v.
947 485 1015 539 23,
1019 484 1061 540 7,
1065 492 1092 532 8
1125 506 1148 529 ‹
1170 491 1332 547 veritus
1360 490 1523 543 deinde,

276 567 330 595 ne
372 555 480 608 quid
521 556 632 596 inter
672 556 756 596 vim
794 557 1008 598 tumultus
1056 560 1183 610 atque
1236 569 1292 597 ex
1338 557 1528 598 concita-

275 621 389 662 tione
406 621 637 663 animorum
657 621 879 663 inconsulti
908 622 1147 664 certaminis
1181 626 1373 663 oreretur
1393 627 1416 662 ἰ
1446 626 1526 669 Θω.

226 731 231 736 .
276 686 369 728 Liv.-
397 685 583 736 23,¹6,11
619 698 641 726 ι
661 689 764 729 satis
782 685 943 731 fidensi
966 721 975 729 .
997 714 1006 730 .-
1028 719 1038 728 .
1060 715 1069 731 0
1090 718 1252 731 ......
1292 686 1525 730 tumultum
1571 697 1576 731 ζ
1598 668 1614 718 s

248 797 249 800 ,
276 753 455 807 aliquem
497 754 539 795 in
577 754 681 796 urbe
722 754 882 808 plebem
918 759 1119 807 maturam
1142 754 1196 809 »·).
1237 755 1271 797 Ε
1313 755 1522 811 contrario

281 823 428 861 terror
455 819 635 867 absurde
663 821 732 861 hic
762 825 1007 874 poneretur,
1033 832 1167 874 neque
1188 822 1298 862 enim
1318 823 1458 874 agitur
1475 821 1526 862 de
1564 823 1567 826 ’

283 891 443 927 terrore
472 897 592 940 quem
621 886 828 927 exercitus
857 886 1041 928 Romani
1071 887 1243 939 Capuae
1263 887 1524 928 imminentes

282 941 373 992 urbi
400 952 498 992 huic
526 950 682 991 iliaturi
712 956 862 1000 essent,
893 952 966 992 sed
985 951 1035 992 de
1067 951 1185 991 motu
1214 952 1452 1000 incolarum,
1482 952 1523 992 id

280 1021 343 1058 est
360 1016 475 1057 illius
495 1017 623 1070 partis
645 1016 795 1058 civium
818 1029 924 1070 quae
942 1014 1142 1059 Romanis
1163 1012 1331 1057 favebat
1353 1015 1424 1071 (cf.
1454 1017 1522 1057 Li-

281 1085 390 1123 vium
417 1078 562 1129 23,8,3
590 1080 699 1135 etc.)‚
723 1095 776 1123 ne
795 1082 993 1122 videlicet
1013 1082 1175 1122 incolae
1203 1083 1284 1130 isti,
1320 1083 1521 1133 certiores

281 1148 378 1189 sacti
399 1146 449 1188 de
475 1147 594 1189 Rom.
613 1148 865 1189 exercitibus
884 1135 1316 1201 appropinquantibus,
1338 1147 1390 1188 ad
1410 1138 1523 1188 defe-

280 1215 455 1254 ctionem
487 1217 752 1268 spectassent.
781 1214 954 1255 Remoto
979 1214 1110 1267 igitur
1130 1217 1288 1262 terror,
1309 1213 1522 1266 praeferas

279 1283 423 1321 motus
441 1292 496 1320 an
517 1280 729 1322 tumultus
756 1279 860 1320 nihil
881 1291 957 1331 ego
977 1290 1133 1329 moror,
1164 1292 1290 1331 quum
1319 1280 1362 1319 in
1390 1280 1522 1332 capite

282 1345 389 1397 quod
417 1340 628 1399 praecedit
647 1345 789 1386 Livius
811 1357 904 1386 usus
926 1345 978 1385 sit
1006 1348 1047 1385 et
1067 1349 1209 1386 motus
1239 1343 1398 1399 (23,16‚
1414 1345 1457 1398 7)
1482 1348 1524 1385 et
1564 1363 1568 1367 ·

282 1411 490 1452 tumultus
529 1410 701 1465 (23‚8,7.
742 1411 806 1459 23,
838 1410 890 1451 16
922 1409 988 1463 li)
1010 1442 1019 1451 .
1065 1410 1256 1451 Ceterum
1299 1421 1424 1463 quum
1471 1422 1523 1450 ex

281 1481 480 1518 oreretur·
508 1477 663 1517 factum
703 1477 755 1516 sit
783 1477 826 1516 in
856 1475 1066 1516 codicibus
1096 1467 1522 1527 orerecur,·re1iqua

281 1554 386 1595 quae
415 1546 584 1583 manent
611 1545 717 1583 runt
747 1542 885 1583 nescio
915 1553 968 1581 an
999 1542 1213 1583 tumultus·
1237 1541 1368 1594 potius
1396 1550 1518 1593 quam

281 1613 421 1650 motus
450 1610 680 1660 requirant.

278 353 422 401 Livius
448 358 563 400 visus
592 363 656 401 est
684 360 920 424 saepissime
940 372 1172 422 usurpasse
1189 364 1338 404 motus·
1355 355 1525 416 <8:325-
1565 398 1568 400 .

276 416 435 473 9273.
464 420 518 466 23
523 418 651 474 ,1,.67
680 417 863 475 29,12,5.
895 417 1078 476 34,26,.4
1109 415 1236 474 34,27
1244 424 1318 481 ,,3)
1339 430 1551 469 nonnum*
1581 441 1595 467 ·,
