1815 2973
572 204 575 207 ’
636 240 643 243 .
699 219 747 244 u>
767 201 963 283 carmon
971 209 1160 254 6,12-14
1439 208 1484 241 23
1547 212 1550 215 ’

221 266 227 288 ⁵
282 286 428 330 dando
467 286 776 351 impenderant,
806 266 1015 336 debeatur,
1044 276 1267 341 perspicies
1295 285 1398 338 ipse.
1425 283 1526 326 Sca-

250 350 401 406 liger
426 348 616 406 scripsit:

489 465 508 490 κ
533 453 640 490 Cur?
661 464 738 489 non
761 457 837 490 tam
861 453 983 490 latera
1007 451 1179 490 exfututa
1202 452 1367 500 pandant

537 513 618 551 Nec
641 517 683 551 tu
708 514 795 561 quid
819 513 931 552 facias
955 513 1195 562 ineptiarum.
1218 527 1239 548 »

346 606 594 662 Doeringius
616 620 625 648 :

491 728 510 750 α
537 714 615 751 Gur
639 726 734 752 nunc
758 719 834 752 tam
858 699 982 765 latera
1002 715 1172 753 exfututa
1195 716 1335 763 pandas

537 775 583 813 Ni
608 779 649 812 tu
674 775 762 823 quid
787 775 900 813 facias
924 776 1158 823 ineptiarum.
1184 789 1216 810 ›·

349 878 649 927 Lachmannus,
670 880 805 919 omnia
825 891 956 932 paene
975 879 1027 920 ab
1047 880 1097 919 iis
1127 883 1346 927 mutuatus,
1366 878 1524 920 duobus

294 945 573 986 tantummodo
602 945 823 998 iisdemque
851 946 1009 986 levibus
1036 949 1157 997 atque
1186 945 1238 985 ad
1266 957 1355 985 rem
1383 945 1525 985 ortho-

295 1004 539 1061 graphicam
567 1011 867 1063 pertinentibus
896 1009 1110 1064 (ecfututa,
1142 1009 1226 1062 nei)
1256 1010 1504 1049 immutatis:

488 1132 509 1152 «
536 1119 641 1156 Cur?
666 1130 737 1155 non
762 1123 837 1155 tam
862 1119 982 1155 latera
1006 1118 1168 1155 ecfututa
1192 1119 1329 1165 pandas

537 1178 605 1216 Nei
630 1182 670 1215 tu
696 1179 783 1225 quid
807 1178 921 1214 facias
946 1177 1188 1226 ineptiarum.
1211 1191 1232 1212 >›

399 1293 473 1332 IV.
503 1292 622 1331 Nunc
651 1292 702 1331 ad
729 1304 807 1331 me.
833 1293 985 1332 Sensus
1006 1295 1067 1331 est
1087 1293 1297 1331 carminis:
1326 1292 1460 1340 Flavi,
1481 1296 1526 1332 tu

270 1360 423 1401 -hahes
451 1361 661 1414 puellam;
696 1365 741 1402 tu
770 1365 883 1414 potes
925 1361 1086 1413 quidem
1113 1365 1267 1408 tacere,
1313 1361 1384 1401 sed
1411 1366 1526 1401 tuum

297 1426 507 1465 silentium
527 1427 690 1465 irritum
720 1431 792 1473 est,
826 1439 948 1478 quum
978 1431 1118 1465 cetera
1138 1428 1274 1466 omnia
1292 1426 1472 1465 clament
1490 1430 1530 1465 te

294 1502 377 1531 non
405 1491 541 1531 iacere
569 1490 712 1532 viduas
743 1493 902 1531 noctes.
936 1491 1097 1540 Cetera,
1127 1491 1209 1532 hoc
1238 1494 1301 1532 est
1329 1491 1431 1531 tria:
1461 1503 1530 1532 cu-

294 1555 388 1602 bile,
397 1557 620 1607 pulvinus,
642 1561 684 1596 et
713 1552 861 1596 lec-ius.
892 1557 1100 1596 Hactenus
1121 1558 1256 1596 omnia
1276 1560 1369 1595 sunt
1389 1557 1526 1608 plana.

293 1619 424 1662 Porro
454 1624 591 1663 autem
618 1634 659 1663 v.
693 1621 758 1670 12,
790 1622 831 1662 in
869 1634 947 1675 quo
988 1622 1180 1670 haerent,
1225 1622 1326 1662 mihi
1363 1620 1528 1663 videtur

292 1686 346 1726 ad
367 1690 449 1726 tres
466 1688 563 1726 istos
590 1688 708 1739 quasi
737 1687 890 1727 indices
918 1688 1017 1726 facti
1053 1689 1273 1739 pertinere,
1304 1691 1345 1726 et
1364 1691 1528 1726 senten-

292 1751 391 1792 tiam
420 1752 669 1804 superiorem
697 1753 876 1806 apertius
896 1752 1134 1802 declarare;
1166 1753 1251 1794 ista
1278 1752 1433 1794 referri
1457 1752 1526 1793 de·

291 1817 391 1857 bere
418 1816 470 1872 ad
498 1817 575 1857 tria
603 1817 690 1866 issa,
722 1819 839 1870 quasi
886 1817 1071 1858 dicatur:
1108 1818 1212 1857 haec
1239 1818 1351 1867 enim
1385 1817 1528 1857 facul-

290 1885 416 1923 tatem
445 1882 606 1931 silendi‚
635 1895 757 1937 quam
776 1887 820 1924 tu
840 1883 982 1933 hahes,
1000 1895 1083 1924 non
1099 1883 1268 1923 hahent.
1294 1883 1524 1924 Scriberem

290 1961 390 2001 ergo
417 1962 459 1990 v.
493 1948 544 1989 12
585 1950 668 1989 ita:
714 1949 830 1990 Nam
871 1950 937 1990 m‘l
978 1950 1063 1989 ista
1105 1950 1261 1995 valent,
1304 1949 1419 1988 nihil
1453 1951 1526 1989 ta-

289 2024 401 2055 cere.
432 2012 490 2068 (1)

341 2081 388 2121 In
416 2093 482 2120 vv.
512 2081 644 2129 13,14
680 2085 801 2134 poeta
829 2082 930 2122 mihi
957 2081 1123 2122 videtur
1152 2081 1304 2122 addere
1333 2084 1524 2133 quartum

288 2143 481 2186 indicium
500 2176 510 2194 ,
556 2145 664 2199 quod
712 2159 805 2187 cum
853 2147 986 2187 tribus
1037 2147 1318 2200 superioribus
1361 2145 1524 2186 indiciis

334 2286 382 2331 (1)
412 2287 542 2320 Tacere
565 2287 606 2322 de
627 2287 731 2322 rebus
755 2299 857 2332 saepe
867 2291 1122 2334 usurpabatur:
1147 2295 1287 2323 tacuere
1302 2289 1426 2323 domus
1440 2289 1525 2324 Luc.

292 2341 403 2377 Phar.
420 2342 508 2380 2,.22
536 2342 701 2376 Tacentes
718 2344 786 2376 loci
805 2344 901 2377 Tacit
914 2345 1006 2380 Hist.
1024 2344 1057 2386 3,
1060 2345 1113 2386 84,
1132 2348 1200 2379 etc.
1217 2345 1303 2378 Item
1318 2347 1523 2379 taciturnus:

292 2399 401 2429 amnis
438 2397 557 2440 (Horat
590 2397 848 2440 Carm.1318)
882 2399 971 2433 liber
997 2399 1090 2442 (Hor.
1114 2400 1225 2442 Epist:
1265 2400 1339 2466 1,20
1344 2400 1411 2443 ,12)
1449 2400 1527 2443 ripa

292 2451 389 2492 (Hor.
414 2450 523 2486 Calm.
545 2452 620 2492 3‚29
624 2451 691 2495 ,14)
715 2454 781 2487 etc.
