1815 2973
67 1102 74 1112 .

0 1233 37 1263 1ῃῖ.
71 1232 73 1234 “

593 228 681 270 ιιι
679 194 871 276 ‘smnus
879 204 953 256 ἰνιτ
973 229 1048 258 ηπ
1064 220 1226 261 21-‚1-20
1452 217 1498 253 73

283 296 457 341 masec
467 295 635 351 (primus
652 297 775 353 apud
776 297 985 341 Romanos
998 298 1177 339 instituit
1203 295 1419 338 historiam
1438 296 1543 337 scri-

270 362 410 404 bere
436 363 588 406 Fabius
615 363 781 417 Pictor),
806 363 958 405 tamdiu
984 376 1111 404 unum
1138 367 1434 404 monumentun
1454 364 1542 405 Ro-

311 440 403 469 mae
429 441 571 469 rerum
615 432 825 482 gestarum
866 429 945 470 fuit
971 429 1127 470 Tabula
1155 429 1259 471 haec
1287 442 1312 470 a
1340 428 1547 470 Pontifice.

312 494 493 533 Maximo
535 495 697 546 publice
738 496 968 546 conscrIpta
984 525 1013 542 „
1038 507 1091 535 ex
1133 507 1213 548 qua
1249 495 1403 542 tabula,
1434 492 1542 547 quod

313 559 451 611 quanti
481 559 534 600 sit
561 560 755 600 momenti
780 560 984 601 neminem
1017 556 1163 613 fufgiet,
1192 560 1367 601 Romani
1395 564 1539 613 postea

313 624 519 664 annalium
560 626 779 677 scriptores
824 637 916 665 cum
958 635 1099 664 rerum
1139 625 1323 665 notitiam
1369 626 1542 665 mutuati

313 694 422 738 sunt,
449 694 535 731 tum
564 692 687 731 etiam
714 692 913 732 rationem
931 702 1071 730 rerum
1090 693 1297 743 gestarum
1315 703 1397 743 per-
1409 702 1540 730 annos

313 754 628 807 digerendarum
648 755 913 805 derivarunt;
937 756 1059 796 immo
1078 756 1181 796 haec
1202 757 1307 796 ratio
1326 768 1406 795 non
1423 755 1541 796 modo

313 819 419 873 apud
446 822 653 863 Romanos
673 821 741 862 diu
761 821 936 862 obtinuit
956 820 1025 876 (1),
1047 821 1119 862 sed
1141 822 1264 862 etiam
1283 820 1416 862 Medio
1435 819 1542 875 quod

313 890 462 926 vocant
490 886 603 927 Aevo
632 899 755 939 saepe
782 887 967 928 adhibita
997 890 1076 927 est.

365 951 520 991 Rerum
557 956 825 992 externarum
862 964 974 992 nunc
1011 953 1237 1005 quaeritur,
1268 955 1311 991 ut
1339 951 1390 991 ad
1419 963 1546 1005 argu-

312 1020 492 1055 mentum
523 1018 659 1056 statim
676 1018 852 1064 veniam,
874 1017 1072 1069 quomodo
1088 1021 1129 1056 et
1148 1017 1255 1056 unde
1275 1016 1452 1056 Romani
1472 1029 1547 1056 no-

312 1081 442 1121 titiam
462 1081 798 1135 adipiscerentur,
820 1095 940 1134 quam
961 1082 1123 1135 publice
1142 1082 1349 1123 conscribi
1371 1082 1415 1122 in
1441 1081 1545 1123 Albo

313 1146 431 1186 Pont.
470 1148 636 1186 Maximi
672 1148 872 1187 iuberent.
900 1148 1153 1200 Responsum
1182 1149 1224 1186 in
1256 1151 1442 1199 promptu
1470 1151 1545 1194 est,

314 1226 556 1267 quamquam
589 1215 869 1268 quaestionem
898 1226 1020 1254 nemo
1039 1213 1175 1254 adhuc
1194 1213 1349 1253 intulit.
1371 1213 1548 1253 Externi

314 1279 451 1331 populi
471 1283 539 1319 aut
559 1281 602 1319 in
622 1280 821 1320 dicionem
840 1279 1119 1319 Romanorum
1138 1280 1219 1318 iam
1240 1278 1397 1318 redacti
1412 1282 1544 1326 erant,

279 1369 281 1371 ·
314 1348 386 1384 aut
404 1345 581 1385 nondum
609 1348 741 1385 erant:
763 1345 847 1384 illis
866 1345 1154 1397 imperitabant
1171 1344 1437 1396 Magistratus
1462 1344 1547 1384 Ro-

315 1411 426 1450 mani
455 1412 671 1464 quotannis
700 1410 752 1450 ad
779 1410 871 1450 illos
913 1410 1035 1458 missi,
1074 1422 1200 1463 penes
1229 1422 1330 1463 quos
1360 1421 1451 1450 cum
1479 1421 1545 1450 ce-

315 1480 406 1517 tera
434 1481 566 1524 erant,
595 1481 681 1517 tum
710 1477 831 1517 etiam
859 1475 1007 1516 docere
1036 1476 1226 1516 Senatum
1256 1479 1385 1515 status
1404 1486 1544 1514 rerum

316 1542 451 1594 qualis
481 1547 589 1583 esset
617 1544 658 1583 in
687 1554 846 1596 quaque
873 1542 1113 1595 provincia:
1146 1554 1199 1582 ex
1226 1541 1546 1593 Magistratuum

316 1608 464 1648 litteris
493 1609 725 1649 necessario
745 1607 937 1647 Pontifex
958 1607 1163 1646 Maximus
1185 1618 1233 1646 ea
1254 1607 1424 1658 sumpsit
1443 1618 1548 1658 quae

361 1763 407 1802 (1)
431 1761 465 1794 Si
481 1760 696 1804 disciplinam
710 1759 874 1793 historiae
890 1758 980 1802 apud
994 1757 1163 1791 Romanos
1180 1757 1442 1791 conscribendae
1456 1760 1547 1790 tem-

316 1817 456 1860 poribus
478 1816 688 1857 distinguere
710 1814 806 1852 velis,
819 1816 953 1847 statuas
967 1813 1076 1855 igitur
1098 1813 1167 1846 ita:
1191 1815 1272 1846 ante
1294 1813 1438 1845 Fabium
1461 1812 1547 1845 Pic-

315 1874 429 1904 torem
450 1870 627 1914 aequalem
648 1869 756 1902 aetati
776 1864 861 1902 belli
875 1867 1092 1901 Hannibalici
1104 1870 1176 1901 erat
1196 1867 1336 1908 Romae,
1353 1869 1388 1900 et
1412 1866 1548 1910 quidem

316 1926 449 1970 publice
473 1926 576 1967 facta,
597 1924 660 1958 hoc
682 1927 735 1959 est
761 1934 901 1958 munere
922 1923 1082 1956 Pontifici
1104 1922 1255 1956 Maximo
1272 1921 1397 1964 delato,
1414 1922 1547 1955 notatio

317 1980 480 2025 quaedam
502 1991 615 2014 rerum
638 1983 834 2022 gestarum:
854 1981 1033 2021 praeterea
1054 1978 1163 2018 nulla,
1181 1980 1346 2021 quantum
1361 1977 1500 2009 scimus.
1516 1977 1548 2009 A

315 2036 421 2071 Fabio
443 2035 519 2069 inde
542 2035 678 2069 Pictore
701 2044 808 2078 usque
831 2033 873 2066 ad
895 2033 1096 2067 Pontificem
1117 2030 1306 2064 Maximum
1330 2031 1370 2066 P.
1392 2031 1547 2064 Mucium

317 2092 363 2133 (is
386 2089 658 2126 PontifexMax.
676 2087 741 2122 fu'it
771 2099 859 2121 anno
875 2088 947 2121 fere
970 2087 1013 2121 U.
1029 2098 1059 2127 c,
1073 2086 1205 2125 DCXL)
1231 2087 1384 2123 fuerunt,
1408 2089 1550 2128 praeter

316 2154 391 2177 eam
413 2144 623 2177 notationem
634 2143 768 2186 publice
780 2143 980 2181 confectam,
996 2140 1169 2173 annalium
1192 2149 1324 2182 quoque
1347 2139 1548 2181 scriptores.

316 2198 477 2242 Sequitur
490 2198 594 2231 tertia
608 2199 703 2230 aetas
716 2207 782 2240 qua
797 2195 895 2229 nulla
905 2195 975 2228 iam
990 2195 1057 2228 fuit
1078 2194 1211 2237 publice
1228 2194 1382 2226 confecta
1404 2192 1548 2232 notatio,

317 2253 377 2285 sed
400 2252 463 2285 soli
485 2252 667 2295 scriptores
694 2261 750 2284 res
765 2252 971 2284 narrarunt:
996 2258 1141 2291 namque
1166 2247 1304 2280 Latinis
1326 2246 1454 2279 litteris
1482 2247 1551 2278 iam

316 2306 447 2350 pridem
468 2305 677 2344 florentibus,
699 2304 930 2348 Romanisque
944 2303 1055 2344 magis
1070 2302 1106 2335 iu
1123 2301 1195 2334 dies
1212 2301 1324 2334 studio
1340 2310 1453 2333 rerum
1468 2309 1551 2341 gc·-

316 2364 431 2399 tarum
451 2360 581 2393 litteris
596 2360 861 2392 mandandarum
876 2349 1043 2398 accensis,
1056 2365 1344 2398 supervacaneum
1356 2356 1424 2387 iam
1439 2354 1551 2387 visum

317 2417 370 2449 est
392 2414 532 2449 annales
566 2414 775 2458 reipublicae
807 2413 903 2448 iussu
933 2411 1133 2452 continuari,
1157 2410 1217 2454 qui
1239 2410 1315 2444 ideo
1338 2409 1460 2445 confici
1484 2409 1549 2443 de-

318 2471 459 2505 sierunt.
