1815 2973
1013 15 1020 23 1

328 174 373 208 78
613 182 658 207 nn
680 151 849 208 remmus
869 181 941 206 ‘ru-1
960 179 1041 207 uvi-
1055 171 1111 213 21,
1130 161 1219 206 1—20‘

286 263 364 304 que
392 251 491 292 hinc
518 251 674 292 factum
702 253 767 291 est
792 253 839 291 ut
864 249 1006 293 Livius
1033 261 1114 303 quo
1142 260 1252 289 anno
1278 248 1425 302 foedus
1442 227 1533 290 Ro⁴⁴

286 317 397 357 mani
425 328 517 357 cum
558 314 815 356 Hasdrubale
858 314 1011 355 icerint
1049 326 1134 356 non
1162 313 1381 355 tradiderit
1418 312 1524 364 (Liv.¹

287 379 452 433 21,2,7).
468 402 521 411 —
535 380 572 420 N
575 392 653 421 unc
672 392 797 432 porro
816 391 984 432 pergam
1005 391 1206 432 quaerere
1220 391 1343 431 quam
1363 378 1414 419 ob
1434 390 1527 419 cau-

247 489 250 491 ,
287 457 373 486 sam
403 449 444 485 et
472 458 551 498 quo
580 449 748 486 auctore
777 445 922 486 Livius
943 475 952 491 ,
984 448 1208 497 postquam,
1239 443 1410 485 ducibus
1438 439 1526 484 ‘An-

285 510 439 550 nalium
459 511 725 562 scriptoribus
741 509 952 555 Romanis,
971 521 1038 548 res
1056 513 1188 561 gestas
1209 509 1525 561 Carthaginien·

287 575 392 614 sium
407 575 451 614 in
469 574 668 627 Hispania
689 586 761 614 suo
783 577 823 614 et
841 573 931 615 loco
952 576 993 613 et
1014 577 1197 626 tempore
1217 573 1383 613 silentio
1403 576 1525 613 tran-

286 641 498 687 smisisset,
518 652 587 679 eas
607 630 715 690 ipsas
739 640 884 686 serius,
905 639 1060 679 bellum
1079 639 1277 678 Punicum
1303 639 1524 678 secundum

283 703 474 744 videlicet
503 703 803 758 descripturus,
836 707 1005 757 arrepta
1033 703 1242 744 occasione
1271 703 1402 744 literis
1431 716 1525 745 con-

284 770 529 821 signaverit.

337 834 458 875 XIX.
504 834 688 875 Aberant
731 836 812 875 iam
832 834 900 875 diu
935 834 1085 875 litteris
1128 835 1283 875 Latinis
1311 846 1379 874 res
1409 834 1521 880 illae,

284 911 420 949 neque
449 902 614 937 notatae
645 900 686 936 in
716 899 873 937 Tabula
901 898 1111 936 Pontificis
1131 910 1263 949 neque
1284 908 1524 936 commemo-

284 967 401 1004 ratae
430 963 481 1003 ab
511 962 735 1002 Annalium
765 963 1047 1015 scriptoribus,
1077 975 1199 1014 quum
1227 963 1362 1002 extitit
1381 966 1526 1003 auctor

282 1028 496 1067 Romanus
517 1028 691 1079 quidam,
712 1029 781 1078 qui
802 1040 871 1067 eas
893 1040 946 1066 ex
966 1027 1121 1074 litteris*
1137 1028 1305 1067 Graecis
1325 1032 1520 1079 sumptas,

283 1091 368 1145 (res
379 1091 626 1132 Hamilcaris
647 1096 686 1132 et
706 1091 976 1132 Hasbrubalis
997 1091 1306 1144 diligentissime
1321 1092 1524 1143 persecuti

285 1162 382 1197 sunt
411 1162 574 1197 veteres
605 1158 841 1209 scriptores:
869 1158 997 1196 multa
1027 1158 1136 1196 enim
1156 1156 1206 1195 de
1226 1156 1368 1196 iisdem
1397 1156 1524 1196 tradit

286 1221 489 1262 Diodorus
518 1221 656 1268 25,14.
701 1220 757 1274 (1)
801 1221 886 1261 Res
920 1221 1161 1261 Hannibalis
1196 1221 1292 1261 item
1312 1234 1320 1261 :
1366 1222 1524 1262 multos

287 1289 346 1327 ait
364 1288 598 1339 provenisse
614 1287 836 1339 scriptores
855 1298 994 1326 rerum
1010 1287 1255 1326 Hannibalis
1273 1287 1400 1327 Corn.
1418 1286 1521 1338 Nep.

289 1351 430 1391 Harm.
452 1351 565 1397 13‚3,
588 1351 828 1390 nominatim
857 1351 1036 1391 Silenum
1057 1354 1097 1390 et
1125 1350 1297 1391 Sosilum
1316 1365 1337 1387 »
1361 1354 1438 1390 etc.
1461 1351 1520 1390 De

281 1415 419 1456 Sileno
449 1415 502 1455 cf.
531 1419 750 1467 praeterea
780 1416 970 1457 Ciceron.
1002 1416 1054 1455 de
1082 1415 1225 1462 divin,
1256 1415 1433 1462 1,24,49.
1462 1415 1520 1454 De

282 1481 427 1528 Sosilo,
457 1480 512 1520 cf.
542 1480 706 1520 Diodor.
729 1480 885 1527 9,36,5.
902 1480 1043 1532 Polyb.
1059 1479 1225 1532 3‚20‚5)‚
1248 1480 1407 1520 Latinis
1428 1483 1521 1519 tan-

281 1547 374 1586 dem
389 1545 537 1585 litteris
555 1545 780 1592 mandavit,
803 1557 882 1597 quo
903 1549 1071 1585 auctore
1092 1545 1228 1584 Livius
1245 1545 1298 1584 sit
1311 1556 1424 1584 usus.
1440 1546 1521 1592 Qui

282 1615 419 1650 tamen
448 1613 594 1649 auctor
622 1621 672 1649 ea
701 1611 834 1661 potius
853 1609 1017 1649 videtur
1035 1611 1265 1648 summatim
1287 1610 1522 1662 complexus

284 1675 413 1714 fuisse
443 1675 486 1713 in
515 1674 722 1725 prooemio
743 1675 875 1726 operis
896 1674 974 1721 sui,
998 1686 1118 1726 quam
1148 1677 1341 1726 tanquam
1363 1678 1520 1726 partem

282 1740 417 1791 operis
434 1740 498 1779 sui
516 1737 663 1778 diffuse
679 1740 920 1791 copioseque
939 1739 1213 1791 descripsisse:
1230 1743 1453 1791 temporum
1472 1752 1521 1779 e-

286 1804 371 1843 nim
386 1802 484 1844 ordo
500 1803 736 1843 necessario
754 1802 1060 1844 desiderabatur
1074 1803 1181 1856 apud
1193 1816 1298 1852 eum,
1317 1816 1440 1856 quum
1454 1803 1523 1843 de-

272 1868 486 1909 sideretur
501 1869 626 1907 etiam
647 1867 756 1921 apud
773 1869 948 1908 Livium:
970 1880 1130 1916 rursus,
1144 1870 1181 1909 si
1195 1873 1335 1910 auctor
1347 1869 1415 1910 hic
1429 1870 1522 1910 uni·

286 1942 432 1974 v'ersas
461 1933 742 1973 Romanorum
771 1945 841 1973 res
862 1938 1090 1980 narrasset,
1112 1935 1187 1973 ista
1205 1934 1426 1985 Hispanica
1446 1947 1520 1974 suo

326 2128 373 2171 (1)
397 2126 582 2161 Diodorum
605 2135 646 2159 ea
679 2125 865 2169 sumpsisse
888 2136 930 2160 ex
964 2126 1115 2160 fontibus
1137 2137 1206 2161 non
1227 2127 1392 2161 Romanis
1415 2135 1518 2171 apur-

282 2185 357 2217 tum
379 2185 445 2222 est,
470 2191 579 2225 neque
615 2181 707 2214 enim
742 2181 888 2214 Romani
923 2182 1108 2224 scriptores
1129 2192 1170 2214 ea
1192 2182 1295 2224 paulo
1317 2182 1521 2224 diligentius

280 2236 457 2280 persecuti
479 2237 568 2269 sunt.
585 2234 700 2268 Maius
716 2235 875 2279 quiddam
897 2235 1042 2270 accedit:
1067 2235 1133 2269 etsi
1148 2236 1241 2270 enim
1262 2238 1334 2269 tam
1347 2236 1459 2271 multa
1473 2236 1521 2273 si—

281 2290 356 2325 euti
378 2290 419 2324 de
442 2289 635 2324 Hamilcare
657 2290 708 2322 ita
729 2289 770 2322 de
795 2289 1010 2323 Hasdrubale
1033 2289 1150 2331 habet,
1162 2290 1290 2324 omittit
1311 2293 1427 2324 tamen
1439 2290 1519 2325 Dio-

281 2345 388 2378 dorus
410 2344 529 2378 foedus
552 2344 643 2388 quod
666 2343 856 2377 Hasdrubal
879 2354 957 2377 cum
980 2344 1145 2378 Romanis
1161 2343 1282 2385 icerat,
1299 2344 1334 2377 id
1346 2344 1438 2388 quod
1453 2343 1518 2378 Ro-

281 2409 422 2432 manum
435 2401 610 2432 auctorem
628 2399 803 2432 facturum
819 2398 925 2432 fuisse
938 2399 1060 2432 adduci
1075 2399 1132 2432 vix
1147 2408 1287 2441 possum
1303 2401 1341 2432 ut
1357 2399 1519 2433 arbitrer·
