1815 2973
617 172 665 197 nn
686 139 854 198 remmus
874 143 947 196 &11⁵1
964 137 1045 197 'nm
1065 162 1212 204 21‚1-2o
1325 152 1331 163 ⁷
1419 156 1423 159 ’
1448 159 1492 193 67

299 239 400 288 dir'e,
430 242 648 292 praeterea
685 239 812 291 legati
848 239 972 280 alteri
1008 239 1286 279 Romanorum
1321 236 1536 289 Carthagi-

299 313 392 346 nem
410 303 614 358 proficisci
640 303 816 357 indeque
845 305 1023 353 reverti,
1052 304 1227 357 denique
1246 303 1422 344 Romani
1441 314 1534 344 cum

297 370 706 423 Carthaginiensibus
722 369 774 410 ad
788 370 976 411 Ticinum
991 373 1112 422 atque
1133 369 1185 410 ad
1205 370 1396 410 Trebiam
1416 367 1533 408 dimi-

295 448 399 476 care.
432 436 537 475 Huic
566 434 796 475 difficultati
822 438 868 475 ut
895 435 1130 475 mederetur
1157 436 1301 475 Livius
1336 433 1440 474 illud
1470 442 1533 477 est

295 499 502 548 adductus,
534 504 579 540 ut
607 499 796 540 crederet
836 500 1017 553 priorem
1044 501 1323 541 Romanorum
1350 500 1529 552 legatio-

291 577 385 606 nem
412 565 618 606 decretam
646 563 987 616 quidem'fuisse‚
1019 576 1101 605 non
1128 577 1230 605 vero
1255 566 1433 605 missam.

347 631 529 671 Curnam
558 629 701 669 deinde
729 630 870 669 Livius
899 633 988 681 post
1016 633 1229 669 narratam
1258 631 1301 668 in
1330 630 1460 682 capite
1488 630 1527 676 6,

291 695 391 734 duce
419 695 616 734 historico
645 692 817 745 quodam
845 693 1066 745 Polybium
1108 697 1247 733 secuto
1263 724 1272 741 ,
1311 697 1527 745 utramque

291 760 538 812 legationem
565 760 846 801 Romanorum
866 788 876 805 ,
912 758 1086 798 alteram
1117 757 1251 798 denuo
1279 758 1527 811 legationem

290 826 617 866 commemorarit
632 825 681 865 21
691 825 769 873 ,18,
777 824 902 865 facile
919 825 1094 877 perspici
1104 828 1246 877 potest.
1256 826 1405 865 Postea
1420 826 1525 864 enim

225 921 239 928 ,
291 891 433 941 Livius
463 903 586 942 quum
614 890 720 930 forte
750 890 958 930 incidisset
986 891 1029 929 in
1059 891 1228 930 nomina
1258 891 1438 943 quinque
1468 891 1526 930 le-

289 959 492 1009 gatorum,
514 968 613 1008 quos
633 956 719 1008 ipse
738 954 917 996 nondum
936 955 1235 1012 nominaverat;
1255 967 1396 996 eorum
1411 967 1526 995 men-

288 1022 438 1062 tionem
466 1021 577 1061 fecit.
600 1021 850 1074 Quamquam
869 1021 976 1061 iusto
997 1022 1130 1061 serius
1158 1020 1387 1060 fecit:·vide
1415 1021 1524 1060 enim

288 1088 331 1125 in
360 1098 465 1138 quae
485 1086 537 1125 sit
555 1086 711 1137 lapsus:
744 1085 941 1136 siquidem
970 1090 1181 1137 postquam
1207 1089 1374 1125 senatus
1396 1090 1436 1125 et
1455 1097 1525 1137 po-

287 1151 407 1203 pulus
436 1151 646 1191 Romanus
673 1150 828 1190 bellum
861 1154 1005 1190 contra
1047 1150 1412 1203 Carthaginienses
1442 1151 1520 1189 iam

288 1216 585 1263 decrevissent,
617 1218 658 1255 et
686 1215 821 1267 copias
850 1216 1042 1255 consules
1080 1216 1123 1254 in
1151 1215 1192 1255 id
1225 1215 1380 1255 bellum
1413 1216 1523 1255 inter

287 1293 331 1321 se
361 1281 606 1327 divisissent,
626 1281 735 1320 alter
772 1292 915 1320 eorum
943 1292 1034 1320 cum
1057 1281 1292 1320 ,Hannibale
1317 1282 1359 1320 in
1378 1281 1523 1332 Hispa-

283 1347 353 1386 nia
381 1344 669 1392 conflicturus,
705 1345 814 1385 alter
843 1347 886 1385 in
916 1345 1106 1385 Africam
1133 1346 1286 1393 iturus,
1319 1344 1376 1399 (1)
1408 1344 1518 1399 (Liv.

282 1409 420 1464 21,17)
449 1411 576 1463 legati
596 1411 717 1450 etiam
736 1415 822 1450 tum
842 1411 1057 1450 mittuntur
1077 1411 1269 1462 quinque,
1293 1412 1427 1450 acturi
1448 1412 1525 1450 sci-

284 1476 382 1516 licet
401 1487 492 1515 cum
512 1475 923 1527 Carthaginiensibus
937 1479 982 1514 ut
1000 1475 1153 1515 bellum
1173 1476 1379 1515 vitaretur
1400 1480 1522 1527 atque

282 1553 364 1593 pax
392 1540 671 1580 firmaretur!·!
704 1539 738 1578 E
767 1540 976 1580 contrario
1005 1545 1118 1580 recte
1142 1542 1310 1580 omnino
1328 1541 1435 1593 apud
1455 1542 1524 1580 Zo-

282 1616 428 1645 naram
458 1604 583 1659 (VIII,
613 1603 682 1658 23)
712 1602 953 1657 provinciae
983 1605 1220 1645 consulibus
1250 1605 1523 1657 adsignantur

59 1701 66 1708 .
261 1693 263 1696 .
282 1674 372 1721 post
384 1670 538 1708 bellum
547 1669 788 1720 Carthagini
800 1669 960 1708 demum
975 1669 1171 1709 indictum
1183 1670 1312 1722 (VIII,
1321 1670 1388 1722 22)
1400 1683 1521 1720 quem

63 1761 81 1777 f
281 1733 332 1773 ad
360 1732 522 1773 modum
551 1737 592 1773 et
620 1733 726 1785 apud
753 1733 920 1774 Dionem
949 1733 1146 1781 Cassium,
1176 1747 1296 1787 quem
1335 1735 1519 1774 Zonaras

281 1800 477 1849 sequitur,
507 1802 617 1837 certe
645 1799 840 1838 traditum
860 1798 949 1845 fuit,
980 1800 1057 1838 etsi
1077 1811 1130 1837 ex
1152 1799 1395 1850 fragmentis
1414 1800 1519 1838 nihil

279 1863 362 1904 iam
390 1863 588 1916 colligere
615 1863 722 1905 licet.
766 1864 875 1904 Ante
920 1868 1041 1917 caput
1069 1864 1121 1904 17
1149 1864 1253 1904 Livii
1295 1865 1446 1918 igitur,
1483 1867 1519 1905 si

280 1929 466 1968 ordinem
507 1941 648 1968 rerum
692 1933 922 1982 spectemus
938 1960 947 1977 ‚
991 1930 1125 1969 locum
1163 1930 1349 1968 obtinere
1378 1929 1519 1970 debuit

278 1998 398 2046 caput
440 1994 505 2034 18.
533 1994 582 2034 In
611 1993 723 2034 aliud
752 2006 912 2047 quoque
951 1993 1142 2035 mendum
1184 1998 1246 2034 est
1273 1994 1413 2047 lapsus
1441 1995 1518 2035 Li-

277 2059 398 2099 vius:
430 2064 680 2101 narraturus
710 2061 822 2100 enim
849 2060 1096 2133 legationem
1125 2060 1298 2100 alteram
1334 2060 1512 2101 Roman.

278 2124 436 2163 veritus
448 2127 509 2163 est
523 2136 690 2164 causam
705 2124 893 2165 mittendi
906 2129 1071 2177 integre
1087 2123 1248 2172 afferre,
1260 2137 1313 2164 ne
1325 2125 1515 2165 videlicet

0 1606 31 1976 πᾶξε-ῑψςετ-’Ἦεψᾱῃ

37 1940 46 1950 t
36 1912 51 1930 ,5⁴
38 1865 41 1868 ⁴
40 1851 42 1854 Α
41 1697 54 1718 ¹⁴(
42 1660 43 1666 ⁴

0 2415 19 2458 Τ
0 1978 34 2394 amec-ww

36 2382 47 2393 A
40 2294 47 2304 ιι
36 2251 41 2254 ’
38 2228 43 2231 ·
34 2193 38 2196 ⁴
35 2105 49 2127 .·¹-
37 2072 43 2082 ἰ
45 2047 48 2050 .

321 2284 366 2328 (l)
391 2284 441 2318 De
461 2284 527 2318 hac
549 2294 586 2318 re
609 2285 786 2330 disputavi
807 2296 919 2330 nuper
940 2288 979 2321 in
1001 2287 1113 2332 capite
1135 2287 1246 2331 primo
1262 2287 1514 2323 dissertationis

276 2339 333 2372 cui
354 2339 482 2372 titulus
509 2352 525 2371 α
548 2339 733 2375 Tentativo
757 2341 792 2374 di
815 2343 937 2376 critica
960 2343 1016 2376 sui
1038 2342 1157 2385 luoghi
1177 2342 1347 2375 Liviani»
1366 2344 1402 2375 in
1417 2344 1513 2376 Actis

275 2393 382 2427 Aead.
403 2392 624 2437 Lynceorum
649 2395 743 2429 1881.
