1815 2973
0 1240 35 1254 ς
0 688 46 1190 www‘zrffiw
38 648 44 668 ,,
28 586 30 591 -
38 556 43 561 ,

567 546 658 597 AD
697 545 1067 597 CATULLUM
1105 540 1241 606 ῙΙ4,6

712 865 940 906 CAPUT
984 864 1108 904 VII.

401 1069 433 1108 Ι.
477 1070 654 1110 Carmen
699 1073 761 1109 est
793 1070 835 1109 in
875 1069 1155 1109 Mamurram
1197 1070 1273 1109 sub
1314 1069 1533 1109 Mentulae

295 1134 458 1176 nomine
486 1134 779 1187 vituperatum,
809 1136 853 1174 in
880 1146 1001 1186 quem
1031 1138 1071 1173 et
1099 1146 1267 1175 carmen
1301 1134 1355 1174 29
1383 1137 1426 1174 et
1453 1134 1532 1173 alia

296 1199 506 1252 complura
533 1211 637 1251 quae
665 1204 809 1240 nostra
835 1200 1070 1252 legentibus
1100 1200 1198 1240 satis
1227 1203 1322 1240 sunt
1349 1203 1459 1239 nota.

349 1264 397 1304 In
423 1275 506 1303 uno
542 1267 659 1304 sexto
688 1263 910 1316 eodemque
937 1267 1144 1315 postremo
1186 1264 1383 1305 carminis
1410 1275 1535 1303 versu

297 1333 394 1370 sunt
408 1341 512 1381 quae
526 1341 615 1369 mea
632 1328 792 1381 quidem
807 1331 1011 1370 sententia
1027 1329 1236 1369 etiamtum
1253 1328 1534 1369 emendatione

296 1394 507 1445 aliquanto
535 1393 807 1446 probabiliore
837 1398 1020 1442 careant,
1041 1395 1163 1433 immo
1193 1397 1356 1447 egeant.
1384 1394 1535 1434 Cetera

268 1457 270 1459 ’
298 1459 440 1500 melius
467 1459 639 1500 fuerunt
669 1459 900 1507 emendata,
920 1461 998 1500 etsi
1018 1472 1100 1501 non
1127 1471 1257 1512 aeque
1285 1461 1327 1499 in
1346 1459 1534 1499 omnibus

298 1525 389 1577 pari
417 1524 615 1564 felicitate
645 1528 740 1564 sunt
759 1525 891 1565 critici
918 1525 1090 1565 versati.
1108 1524 1245 1570 Quare
1264 1523 1376 1565 haud
1395 1524 1467 1564 abs
1489 1535 1536 1563 re

298 1591 379 1630 erit
405 1591 583 1630 omnium
603 1591 790 1642 primum,
810 1594 1030 1642 antequam
1050 1591 1102 1630 ad
1121 1591 1249 1630 verba
1266 1601 1371 1642 quae
1387 1601 1537 1641 expen-

299 1653 399 1695 dere
427 1655 588 1695 institui
616 1655 776 1695 veniam
792 1686 801 1703 ‚
845 1667 968 1707 quam
995 1655 1235 1695 brevissime
1270 1655 1466 1695 lectiones
1495 1656 1536 1694 in

300 1718 506 1760 codicibus
531 1719 703 1759 traditas
722 1721 943 1772 inspicere,
965 1724 1086 1772 atque
1108 1719 1414 1759 emendationes
1434 1722 1539 1771 qua'e

300 1795 410 1824 nunc
424 1784 602 1826 omnium
618 1785 823 1826 sententia
841 1783 1074 1838 probabiles
1089 1784 1282 1826 videntur
1301 1785 1344 1825 in
1359 1784 1536 1825 medium

299 1848 463 1889 afferre.
494 1851 637 1901 Itaque
664 1851 797 1902 prima
816 1851 1011 1890 carminis
1031 1851 1160 1891 verba
1177 1851 1238 1890 sic
1257 1850 1457 1890 exhibent
1470 1862 1536 1890 co-

301 1914 410 1956 dices
439 1916 616 1957 omnium
646 1915 785 1969 optimi
813 1916 1000 1957 Datanus
1030 1920 1072 1957 et
1099 1916 1298 1957 Laurenti
1327 1914 1534 1956 Santenii:

302 1976 513 2022 Firmano
542 1982 695 2023 salius.-
723 1995 799 2034 pro
828 1994 908 2035 quo
937 1982 1034 2022 olim
1062 1983 1107 2021 in
1135 1981 1301 2029 Aldina,
1322 1981 1406 2021 levi
1434 1981 1541 2021 litte-

301 2058 444 2086 rarum
471 2047 700 2087 mutatione
728 2046 854 2094 facta,
886 2047 1082 2100 scriptum
1101 2046 1182 2087 fuit
1207 2047 1390 2099 firmano
1409 2046 1539 2092 saltu,

301 2123 423 2162 quam
452 2112 774 2152 emendationem
803 2111 996 2165 deinceps
1013 2112 1243 2164 probarunt
1260 2111 1438 2151 editores
1457 2111 1543 2162 ple-

302 2177 420 2228 rique
447 2177 649 2224 Muretus,
680 2176 832 2217 Statius
848 2208 858 2226 ‚
889 2178 1066 2218 Vossius
1082 2208 1092 2225 ‚
1122 2177 1218 2229 alii,
1251 2187 1410 2216 summa
1438 2187 1543 2216 con-

303 2241 455 2282 cordia.
484 2241 736 2293 Quamquam
764 2254 863 2282 vero
883 2242 1093 2295 Scaligero
1111 2242 1264 2294 placuit
1282 2241 1542 2281 Formianus

302 2306 439 2347 saltus
468 2305 702 2360 (propterea
730 2307 836 2360 quod
864 2307 1054 2349 Formiae
1079 2311 1198 2349 erant
1224 2307 1324 2347 urbs
1353 2308 1541 2348 Mamur-

303 2383 458 2419 rarum,
479 2375 583 2412 teste
602 2373 786 2413 Horatio
815 2372 907 2413 Sat.
931 2372 1104 2424 1‚5,37)‚
1133 2374 1384 2424 posteriores
1403 2377 1541 2411 tamen

304 2435 367 2476 ad>
382 2437 593 2485 Firmano
621 2437 751 2486 saltu,
782 2435 953 2478 ducibus
983 2435 1211 2486 codicibus,
1241 2438 1403 2478 reversi
1430 2440 1537 2477 sunt.
