1815 2973
1088 0 1129 112 ‚2³²5st

658 0 1101 42 ‘ffffffgffiiifgffigwfmffffigsss
1106 4 1129 27 *⁴2
1134 2 1149 33 '4
1187 2 1199 29 't
1206 18 1210 22 ¹
1217 16 1219 18 ·

661 32 762 69 είς-μῖτν
777 39 787 44 ··
788 34 820 70 ξιτ
834 44 861 59 ,4
873 34 905 61 ,ᾗῇ
924 41 930 52 x
946 35 960 45 ²*
971 30 1041 60 ‘fjfu
1144 36 1146 39 ’
1180 32 1194 50 ³·

659 104 807 155 sm
1375 107 1379 112 ’

627 152 698 184 u>
721 138 917 201 emma
935 134 1087 193 6,12-14
1394 173 1397 175 -
1438 152 1480 186 19

301 203 458 271 Metri
484 225 623 270 autem
650 241 777 280 causa
804 215 902 284 puto
929 229 1107 272 Dousam
1141 227 1274 271 fllium
1302 231 1344 271 et
1370 226 1522 271 Guari-

279 305 382 335 num
404 294 622 336 invertisse
640 295 685 334 in
712 295 838 337 v.12
863 294 1052 337 ordinem
1074 295 1315 337 verborum
1335 295 1522 340 scriben-

279 362 344 400 tes
372 371 456 409 non
491 356 579 402 ista
602 362 831 413 praevalet
872 360 945 402 sed
983 362 1214 414 praevalet
1241 361 1341 401 ista.
1384 362 1532 409 Quum.

279 426 388 466 enim
416 430 625 468 constaret
651 427 905 468 Phalaeceus
943 427 1318 480 hendecasyllabus
1347 433 1401 467 ex
1428 426 1521 467 basi

281 492 352 534 vel
380 492 601 546 spondaica
628 493 696 533 vel
717 493 930 535 trochaica
949 494 1018 534 vel
1037 494 1160 534 etiam
1181 493 1373 542 iambica,
1396 496 1520 546 atque

281 559 424 600 ordine
453 558 690 611 logaoedico
710 571 791 599 uno
813 560 1108 612 complectente
1137 559 1345 610 dactylum
1366 562 1407 598 et
1433 562 1518 599 tres

281 625 511 674 trochaeos,
543 626 762 674 Guarinus,
792 627 860 679 qui
901 627 951 667 ni
977 626 1150 679 legeret,
1185 623 1400 673 effecisset,
1429 630 1519 679 post

282 693 402 733 basin
443 693 559 733 Nam
598 692 658 739 ni,
702 692 782 731 nisi
824 691 1010 731 ordinem
1054 692 1275 731 verborum
1303 695 1514 739 mutasset,

281 770 364 799 non
393 756 600 810 dactylum
643 761 683 797 et
724 757 963 797 trochaeum
994 755 1063 796 sed
1093 761 1165 796 aut
1193 756 1518 809 amphimacrum

284 831 325 869 et
353 828 531 868 iambum
562 826 750 880 (admisso
780 828 975 867 nimirum
1005 827 1122 867 hiatu
1151 813 1235 868 istc]
1256 813 1515 882 pra—evalet),

272 902 358 939 ,ειη
387 897 532 948 (vitatu
561 898 676 937 hiatu
707 885 749 954 τᾶ
762 885 987 949 Ρνῖθυῖτίἒί
1013 885 1078 950 ni)
1109 898 1447 950 amphibrachum
1476 903 1519 939 et

281 964 534 1005 trochaeum.
553 963 686 1003 Dousa
702 977 816 1010 vero,
834 965 903 1016 qui
923 966 985 1004 nil
1003 964 1173 1016 legeret,
1195 961 1409 1011 effecisset,
1439 964 1517 1004 nisi

280 1029 504 1070 verborum
524 1028 706 1069 ordinem
725 1029 992 1077 immutasset,
1014 1029 1337 1083 amphimacrum
1358 1033 1398 1069 et
1417 1029 1518 1070 iam-

258 1101 375 1147 ,hum
404 1085 506 1154 (ἷείᾶ
527 1089 784 1155 pra—evalet).
812 1103 1004 1143 Ceterum
1031 1102 1162 1141 verba
1191 1102 1279 1154 ipsa
1307 1102 1442 1142 Dousa
1471 1105 1512 1141 et

280 1165 485 1206 Guarinus
512 1167 634 1207 veriti
664 1171 758 1207 sunt
786 1172 959 1209 mutare.

334 1230 502 1271 Saeculo
532 1230 677 1271 deinde
698 1232 828 1271 ferme
849 1235 939 1284 post
959 1232 1226 1284 Scaligerum,
1257 1232 1290 1272 I.
1323 1232 1513 1280 Vossius,

280 1297 346 1337 cui
374 1288 575 1338 Graevius
604 1302 645 1338 et
673 1297 847 1351 Vulpius
874 1298 1034 1339 assensi
1062 1301 1169 1347 sunt,
1202 1297 1353 1338 edidit:

480 1431 499 1453 ‹
526 1417 622 1455 Nam
648 1417 688 1453 ni
713 1417 857 1465 istapte,
882 1416 984 1454 valet
1007 1417 1101 1454 nihil
1125 1421 1257 1455 tacere.

519 1478 595 1521 ,Cui
620 1489 692 1513 non
718 1477 793 1514 iam
819 1477 939 1514 latera
965 1477 1136 1514 exfututa
1160 1478 1323 1524 pandant

525 1538 643 1575 Noctu
669 1538 756 1584 quid
781 1537 899 1574 facias
923 1537 1158 1585 ineptiarum.
1186 1549 1204 1573 »

337 1653 414 1694 Hic
457 1651 665 1693 commode
707 1651 869 1692 videtur
909 1664 984 1704 pro
1011 1651 1238 1703 praevalet
1279 1651 1517 1691 restitutum

282 1731 375 1759 esse
396 1721 473 1770 ple
499 1719 636 1764 valet,
668 1729 753 1757 una
784 1718 978 1757 nimirum
1006 1718 1229 1758 verborum
1257 1717 1418 1772 ratione
1447 1716 1517 1756 ha-

280 1784 393 1830 bita;
426 1783 496 1823 sed
524 1782 574 1823 de
602 1784 804 1823 sententia
846 1784 1020 1835 primum
1053 1784 1239 1823 ,omnium
1282 1781 1511 1835 quaeritur,

280 1861 398 1902 quam
427 1848 494 1889 vel
522 1847 677 1888 nullam
704 1848 772 1887 vel
800 1846 1146 1902 viiij-'probabilem
1176 1859 1229 1887 ex
1257 1847 1346 1887 istis
1374 1847 1514 1887 verbis

279 1926 414 1954 erues.

329 1979 461 2019 Porro
490 1978 682 2018 Heinsius
710 1978 752 2017 in
780 1977 887 2018 notis
916 1976 968 2017 ad
996 1977 1205 2019 Catullum
1234 1978 1437 2018 coniecit:

468 2099 489 2120 «
517 2088 638 2128 Quum
661 2085 717 2123 nil
742 2086 938 2133 praevalet
961 2086 1031 2122 ista
1060 2086 1111 2122 mi
1136 2089 1259 2122 tacere

517 2147 594 2184 Cur
618 2159 714 2184 nunc
739 2147 814 2184 iam
840 2147 960 2184 latera
986 2145 1158 2183 exfututa
1182 2147 1334 2194 pandas.
1354 2159 1374 2179 »

337 2252 415 2295 Ubi
444 2264 591 2294 rursus
618 2251 840 2293 verborum
860 2250 959 2292 ordo
978 2263 1195 2305 perperam
1224 2251 1415 2291 inversus
1437 2255 1514 2299 est,

285 2319 393 2372 quod
420 2318 597 2358 hominis
626 2321 688 2356 est
717 2317 995 2368 detorquentis
1014 2318 1142 2356 verba
1172 2315 1224 2356 ad
1246 2327 1363 2355 suam
1392 2317 1518 2368 ipsius

285 2385 416 2442 magis
445 2396 566 2440 quam
595 2382 647 2424 ad
675 2383 854 2424 auctoris
884 2383 1141 2443 sententiam.
