1815 2973
340 198 384 230 22
600 219 602 223 -
697 205 744 229 An
765 203 948 235 cummi
970 195 1005 237 6,
1033 195 1136 229 12-14

292 274 479 321 minibus,
508 283 752 326 quamquam
780 275 900 325 poeta
927 272 971 312 in
1000 272 1229 313 amoribus·
1252 271 1534 324 descrihendis

292 343 430 380 tantus
458 342 532 385 est,
560 341 716 393 stupra
744 332 914 391 usquam
942 341 1146 377 occurrat:
1176 338 1298 378 tertio
1334 338 1528 394 denique,

291 417 416 457 quum
446 415 592 444 sensus
621 406 815 443 nascatur
842 401 1085 443 huiusmodi:
1112 418 1134 440 «
1162 401 1305 443 desine
1323 406 1480 451 tacere,
1506 416 1530 444 o

291 470 424 514 Flavi,
456 469 564 508 nihil
591 469 701 508 enim
715 469 901 521 prodest
916 468 1141 516 silentium,
1163 469 1294 508 macie
1314 472 1355 507 et
1372 469 1536 520 pallore

296 534 472 587 ineptias
492 536 719 574 nocturnas
734 532 999 586 prodentibus
1017 549 1038 571 »
1058 533 1174 574 nihil
1201 533 1315 574 valet
1333 532 1532 574 habemus
1594 581 1599 588 ι

295 611 371 652 pro
410 599 526 638 nihil
563 599 757 649 prodest,
800 599 960 638 nullam
994 599 1232 640 utilitatem
1275 596 1411 644 habet,
1447 609 1536 638 non

292 664 434 715 yiovoe,
478 674 560 702 non
601 664 706 708 vale,
749 674 776 702 a
817 663 939 701 nulla
980 674 1101 702 serve
1143 662 1250 713 quod
1277 674 1301 701 a
1332 674 1532 713 germana

293 727 515 767 Latinitate
544 726 713 779 recedit
747 724 821 778 (1)

328 791 499 837 Quodsi
528 773 730 843 Hauptius
759 791 810 830 ad
830 803 879 831 ea
898 802 1001 842 quae
1019 791 1270 844 praecedunt
1289 803 1455 835 versum
1473 793 1531 831 ita

293 857 436 896 retulit
463 860 508 896 ut
535 868 678 896 versus
699 856 952 908 significaret
970 867 1071 895 nam
1099 868 1171 895 res
1198 857 1321 895 nulla
1335 858 1447 896 valet
1466 868 1532 896 oc-

292 923 461 962 cultare
488 926 655 972 stupra,
677 933 782 972 nego
810 921 997 960 hocloco
1027 926 1170 960 tacere
1198 922 1411 960 transitive
1441 931 1538 960 eum·

294 988 403 1026 bene
423 998 654 1037 usurpasse;
675 987 824 1024 etenim
856 986 1186 1036 quotiescumque
1215 985 1263 1025 de
1290 987 1531 1026 hominibus

294 1050 514 1091 silentibus
533 1054 727 1102 ageretur
741 1049 913 1089 verbum
930 1061 1031 1090 sane
1045 1061 1129 1090 non
1150 1050 1286 1090 minus
1310 1051 1531 1091 transitive

295 1129 416 1167 quam
461 1117 723 1155 intransitive
766 1117 958 1167 usurpari
1001 1115 1164 1155 solitum
1207 1128 1324 1155 nemo
1368 1117 1534 1167 ignorat

291 1181 451 1233 (Horat.
485 1181 569 1220 Sat.
605 1180 745 1228 1.4‚84
775 1180 989 1233 commissa
1021 1183 1173 1226 tacere,
1200 1179 1242 1219 id
1266 1177 1326 1219 es't
1354 1181 1528 1220 silentio

285 1247 565 1299 praeterire),
594 1245 665 1285 sed
694 1245 764 1285 ubi
797 1245 971 1297 primum
1001 1245 1172 1285 verbum
1199 1244 1250 1285 ad
1278 1257 1350 1285 res
1368 1245 1530 1289 ‚tranfe-

292 1312 477 1358 rebatur,
522 1310 741 1349 transitive
785 1310 915 1360 accipi
958 1309 1184 1356 desinebat,
1223 1313 1263 1348 et
1304 1310 1529 1349 rectissime

296 1374 459 1426 quidem
498 1374 726 1420 desinebat,
768 1386 890 1438 quum
935 1374 1121 1414 consulto
1169 1374 1323 1426 aliquid
1366 1374 1530 1414 silentio

291 1441 524 1491 praeterire
556 1439 681 1478 solius
711 1440 765 1478 sit
797 1431 986 1477 hominis

342 1503 454 1549 Quae
483 1514 606 1556 quum
624 1503 682 1542 ita
700 1503 794 1550 sint,
816 1502 1044 1542 abhorrere
1074 1502 1236 1543 videtur
1263 1515 1287 1543 a
1316 1514 1418 1543 sana
1447 1502 1524 1543 La-

286 1571 441 1608 tinitate
487 1569 639 1607 locutio
686 1580 806 1620 quam
854 1568 1017 1607 Catullo
1063 1568 1265 1620 Hauptius
1313 1569 1517 1614 obtrusit,

284 1646 408 1687 quum
436 1645 458 1674 e
486 1633 692 1674 contrario
722 1644 877 1673 vacuus
905 1632 1024 1686 culpa
1053 1633 1130 1674 ista
1160 1632 1211 1674 sit
1226 1631 1427 1687 Scaliger,
1450 1635 1535 1686 qui*

283 1701 405 1739 aliter
432 1704 552 1752 atque
580 1700 777 1751 Hauptius
805 1700 1102 1751 interpungens
1130 1701 1213 1738 vim
1248 1711 1362 1738 suam
1391 1700 1522 1738 verbo

283 1766 426 1806 valere
455 1768 708 1805 servaverat.
1762 1753 1815 1817 ξε,

338 1831 459 1871 Nunc
499 1832 619 1870 venio
662 1830 713 1869 ad
741 1830 997 1870 Lachmanni
1041 1831 1320 1870 coniecturam
1362 1830 1406 1869 in
1450 1843 1519 1870 vv.
1742 1848 1815 1892 [ᾗ

285 1894 418 1936 13-14
461 1907 583 1947 supra
611 1895 792 1935 allatam.
825 1894 931 1942 Quid
959 1898 1094 1935 autem
1123 1895 1199 1947 ipsi
1240 1894 1520 1943 Lachmanno‚
1775 1887 1815 1951 {³ss

284 1960 381 2012 quid
422 1960 629 2012 Scaligero
668 1964 709 2000 et
754 1960 974 2012 Doeringio
991 1990 1000 2006 ,
1048 1961 1117 2012 qui
1159 1972 1232 2011 pro
1266 1960 1376 2000 virili
1404 1965 1522 2011 parte
1647 1951 1649 1953 ¹
1760 1962 1815 2014 ᾗῇῥςξ

283 2025 411 2064 multo
457 2028 553 2064 ante
600 2025 908 2065 Lachmannum
955 2035 1122 2077 operam
1169 2024 1329 2065 Catullo
1373 2037 1520 2065 emen·
1741 2020 1815 2083 ξἛξ

325 2221 373 2263 (1)
404 2221 529 2253 Valere
552 2223 756 2263 usurpatum
790 2220 857 2252 fuit
892 2230 952 2262 pro
988 2231 1008 2251 «
1029 2221 1117 2253 bene
1151 2230 1187 2253 se
1220 2220 1370 2259 habere,
1402 2233 1417 2250 ι)
1455 2231 1517 2263 pro

282 2274 403 2308 «vires
426 2274 551 2308 habere
574 2275 618 2307 ad
641 2274 770 2318 aliquid
792 2273 1048 2317 perficiendum,
1075 2286 1093 2306 »
1117 2284 1177 2317 pro
1197 2288 1213 2304 ι
1227 2275 1298 2308 vim
1320 2274 1449 2308 habere
1471 2274 1514 2307 ad

281 2331 415 2363 eertum
446 2329 609 2362 effectum
646 2328 866 2362 obtinendum
891 2341 905 2359 n
943 2329 997 2371 (de
1020 2329 1300 2363 medicaminibus
1323 2327 1514 2374 nimirum),

280 2394 340 2426 pro
364 2394 386 2416 ‹<
407 2383 698 2426 significationem
720 2383 859 2424 habere,
886 2395 901 2414 ιι
927 2383 1086 2427 denique,
1121 2384 1152 2417 si
1185 2384 1227 2417 de
1249 2384 1399 2417 nummis
1421 2386 1516 2417 esset

280 2448 405 2478 sermo,
428 2448 492 2481 pro
516 2448 555 2472 eo
579 2438 670 2482 quod
692 2437 810 2472 italice
832 2440 885 2472 est
907 2439 1041 2471 valere.
