1815 2973
291 344 398 385 quae
425 329 538 372 illius
564 332 647 372 viri
677 312 874 374 doctrina
882 309 984 378 non
1000 265 1298 386 suppeditavit.
1329 330 1391 373 Ao
1428 328 1530 385 ωξιί

290 408 410 453 saepe
430 396 647 444 miraculo
663 396 743 440 fuit
781 396 860 439 hoc
897 396 1097 439 editorem
1137 396 1229 441 Livi
1266 395 1530 446 Drakenbor-

290 462 429 504 chium
458 462 630 516 fugisse,
651 463 695 503 in
724 463 865 506 verbis
888 475 999 516 quae
1027 464 1116 516 ipse
1143 464 1393 505 restituisset
1411 464 1531 513 Sem·

280 528 450 581 pronio
479 529 652 569 volones
669 528 749 589 qui
765 529 920 579 fierent
939 528 1095 581 aliquid
1120 529 1355 571 necessario
1375 529 1527 572 deesse.

291 594 547 648 Quicumque
563 594 671 634 enim
684 594 845 636 Livium
857 591 1191 648 pervolutarunt,
1204 593 1296 636 fleri
1307 607 1388 636 non
1401 598 1529 649 potest

288 663 436 701 utnon
456 659 828 702 animadverterint
855 660 1080 701 Patavinus
1109 672 1187 713 quo
1222 660 1340 701 modo
1367 674 1529 715 quaque

284 726 449 782 ‘ratione
483 728 662 779 exponat
690 725 935 767 divisionem
963 726 1270 778 provinciarum
1291 730 1331 768 et
1359 728 1551 773 exerci-'

290 795 418 838 tuum,
441 803 548 846 quae
571 792 737 832 ineunte
771 804 881 838 anno
915 792 958 831 in
986 791 1142 833 Senatu
1169 792 1355 833 Romano
1390 792 1526 834 fiebat.
1581 841 1584 844 ¹

289 858 472 912 Namque
490 858 675 910 quotiens
694 858 821 898 alicui
836 857 902 897 vel
918 858 1081 899 consuli
1100 858 1166 898 vel
1186 859 1428 911 proconsuli
1462 859 1530 898 vel

289 922 471 975 praetori
487 923 553 962 vel
570 923 828 977 propraetori
840 923 1068 967 exercitum
1084 922 1223 963 datum
1241 922 1372 964 fuisse
1385 924 1529 967 Livius

291 993 597 1036 commemorat,
615 989 693 1030 hoc
708 1001 867 1041 quoque
889 988 1042 1029 addere
1057 990 1279 1029 historicus
1296 990 1527 1039 consuevit,

289 1053 398 1095 unde
427 1055 656 1098 exercitum
686 1053 802 1095 illum
822 1054 999 1095 Romani
1019 1054 1246 1102 haberent,·
1263 1055 1350 1095 sive
1370 1067 1444 1095 eae
1463 1068 1532 1095 ve·

290 1123 400 1162 teres
430 1120 519 1161 sive
551 1132 624 1160 eae
652 1132 784 1160 novae
812 1120 995 1172 legiones
1016 1123 1184 1159 essent:
1217 1121 1293 1160 hoc
1322 1124 1385 1160 est
1405 1121 1439 1160 si
1457 1133 1531 1160 ve-

290 1187 400 1232 teres
414 1188 561 1234 essent,
583 1185 748 1226 cuinam
767 1184 861 1225 duci
879 1185 1018 1238 priore
1036 1196 1147 1225 anno
1166 1185 1402 1238 paruissent
1426 1189 1466 1226 et
1485 1186 1528 1227 in

290 1263 370 1304 qua
388 1251 603 1304 provincia
631 1251 894 1299 militassent;
926 1251 959 1290 si
988 1254 1124 1292 autem
1146 1263 1290 1299 novae,
1311 1264 1390 1304 quo
1410 1251 1528 1293 modo

254 1340 256 1342 -
291 1320 330 1356 et
346 1330 370 1357 a
390 1328 470 1369 quo
492 1315 813 1357 conscribendae
835 1319 983 1356 essent.
1002 1315 1120 1356 Deest
1149 1315 1277 1369 igitur
1306 1316 1360 1356 in.
1379 1316 1529 1356 verbis:

290 1381 546 1435 Sempronio
575 1383 745 1425 volones
774 1382 850 1433 qui
876 1383 1040 1434 fierent,
1072 1381 1156 1427 ubi,
1188 1385 1259 1421 aut
1287 1393 1310 1420 a
1339 1394 1435 1433 quo,
1464 1394 1532 1422 vo-

290 1447 410 1487 lones
440 1448 505 1488 isti
535 1447 630 1487 lecti
660 1446 830 1487 fuerint.

399 1514 477 1554 1V.
508 1513 652 1565 Itaque
680 1512 782 1552 mihi
812 1512 937 1565 longe
974 1511 1158 1565 lateque.
1181 1511 1530 1565 circumspicienti

289 1579 534 1631 quibusnam
565 1590 640 1629 ego
670 1577 932 1616 adminiculis
960 1577 1046 1628 ipse
1075 1589 1138 1616 me
1168 1588 1221 1615 ex
1249 1576 1328 1616 ista
1358 1576 1531 1617 difficul-

290 1648 372 1684 tate
392 1643 640 1697 expedirem,
659 1643 747 1683 visa
767 1645 828 1682 est
850 1642 971 1682 litera
992 1641 1208 1695 quaedam,
1227 1653 1347 1694 quam
1369 1641 1528 1683 codices

289 1710 489 1763 praebent
518 1721 721 1762 quamque
753 1707 984 1761 neglectam
1012 1707 1141 1747 fuisse
1161 1719 1186 1746 a
1206 1705 1439 1748 doctoribus
1457 1708 1531 1748 mi-

290 1776 380 1816 rari
423 1787 507 1818 non
552 1774 696 1816 desino
715 1806 725 1822 ,
765 1774 876 1815 viam
920 1773 1022 1814 mihi
1063 1775 1322 1814 monstrare.
1369 1773 1528 1814 Etenim

291 1845 406 1882 extat
436 1842 478 1881 in
508 1841 729 1889 codicibuS,
750 1841 810 1882 uti
831 1852 962 1891 nuper
982 1840 1215 1886 innuebam,
1238 1839 1531 1892 Senmronior-

292 1907 548 1958 volonesque
573 1907 748 1960 fierent,-
779 1906 858 1946 hoc
878 1908 940 1946 est
959 1909 1074 1945 extat
1101 1919 1127 1945 r
1155 1905 1260 1945 inter
1277 1904 1528 1958 Sempronio

292 1976 332 2011 et
359 1973 557 2020 volones,
589 1971 707 2011 cuius
736 1972 903 2010 litterae
948 1982 1030 2009 non
1060 1971 1360 2012 meminerunt·
1382 1971 1528 2017 critici,

292 2035 441 2078 nedum
490 2049 580 2078 eam
628 2036 950 2089 explicaverint.
1000 2035 1118 2076 Nunc
1165 2047 1266 2076 vero
1309 2035 1343 2075 si
1383 2034 1432 2077 de
1481 2050 1529 2078 eo

291 2106 528 2156 quaeratur,
571 2102 690 2141 sicuti
729 2113 840 2141 nunc
884 2101 1135 2153 quaerimus,
1176 2100 1274 2152 quid
1302 2100 1380 2140 sihi
1409 2101 1529 2143 litera

292 2170 370 2215 ista
399 2169 514 2216 velit,
547 2167 737 2220 quidnam
759 2167 964 2220 significet
983 2168 1064 2207 nisi
1084 2172 1156 2208 aut
1175 2167 1339 2208 Romae
1357 2172 1429 2211 aut
1450 2169 1531 2210 Ro-

288 2246 448 2278 manus
468 2238 540 2280 aut
560 2233 673 2274 aliud
693 2232 789 2286 quid
811 2232 851 2272 id
872 2233 1021 2286 genus?
1037 2233 1140 2274 adde
1162 2233 1272 2292 quod
1287 2236 1371 2272 tum
1393 2234 1528 2274 omnia

289 2301 470 2352 apprime
489 2299 749 2348 convenient,
772 2298 805 2337 si
825 2298 938 2350 legas
958 2297 1064 2350 apud
1084 2299 1247 2341 Livium
1268 2298 1339 2337 ita.
1378 2313 1399 2334 «
1421 2299 1530 2340 Con-

292 2380 312 2401 «
346 2364 455 2405 sules
483 2364 692 2405 exercitus
722 2364 831 2405 inter
859 2376 947 2404 sese
977 2363 1222 2404 diviserunt.
1256 2363 1384 2405 Fabio
1413 2376 1530 2405 exer-

292 2446 312 2467 «
343 2432 449 2472 citus
492 2431 647 2480 Teani,
680 2431 745 2471 cui
790 2431 845 2472 M.
878 2430 1023 2470 Junius
1065 2430 1316 2482 praefuerat,
1356 2430 1521 2478 evenit;
