1815 2973
327 209 370 241 44
577 208 581 215 ‘
712 189 761 243 An
781 219 966 244 cunnum
991 210 1096 250 114‚6

283 284 501 335 Complura
545 286 626 324 alia
668 286 854 338 Scaliger
875 274 1211 338 immutaverat:
1240 289 1537 341 emper-attin·
1565 275 1567 277 ‚

284 360 502 401 eoeuperas
529 348 656 402 (vers.
684 349 740 403 4),
770 355 889 403 eyeat
917 352 960 391 in
990 363 1112 405 eyeas
1144 350 1270 405 (vers.
1312 351 1375 406 6),
1404 365 1523 406 quae,
1588 337 1595 347 ,

283 426 357 464 per
377 426 422 454 se
437 426 569 465 neque
589 415 770 455 absurda
790 428 924 469 neque
950 418 1116 464 absona,
1137 417 1366 470 respuenda
1385 421 1523 459 tamen

281 482 393 527 sunt,
425 483 564 533 utpote
593 492 699 533 quae
729 492 754 521 a
784 482 989 535 scriptura
1020 480 1204 523 codicum
1238 481 1450 524 recedant.

335 545 448 585 Sicut
476 546 586 585 inter
619 558 760 586 omnes
804 551 962 586 constat
1004 548 1256 599 probabilem
1295 548 1518 598 ⁸lectionem

279 621 371 649 esse
400 609 605 650 Firmano
633 611 764 659 saltu,
807 612 862 650 ita
902 612 1024 651 etiam
1053 615 1213 652 constat
1243 613 1355 652 inter
1382 624 1521 652 omnes

280 676 320 714 in
349 675 492 714 eodem
520 687 646 715 versu
675 688 750 727 pro
779 688 828 714 eo
856 676 964 728 quod
992 680 1055 715 est
1083 678 1126 715 in
1150 677 1306 716 Datano
1326 679 1523 717 mensula

281 738 543 780 scribendum
572 752 664 780 esse
693 739 904 787 Mentula;
937 740 1032 781 item
1063 741 1104 780 in
1133 742 1255 782 tertio
1291 753 1417 781 versu
1445 752 1518 793 pro

278 817 327 845 eo
347 804 454 856 quod
475 804 636 845 codices
656 805 852 846 exhibent
871 806 1106 858 amimam,
1132 806 1391 846 scribendum
1412 795 1532 854 esses

276 872 322 908 ut
348 869 441 909 Itali
472 869 626 911 saeculi
654 870 737 910 XV
766 874 1036 918 censuerunt,
1068 870 1323 922 aucupium·
1346 870 1518 924 denique

277 935 320 973 in
348 939 555 985 postremo
583 948 709 975 versu
738 947 812 986 pro
834 947 882 975 eo
903 935 1011 986 quod
1031 935 1074 974 in
1095 935 1302 975 codicibus
1322 936 1518 988 scriptum

277 1003 391 1038 extat
429 1001 581 1040 saltem
620 993 880 1039 scribendum
920 1012 1013 1039 esse
1055 1000 1227 1040 saltum.
1273 999 1352 1040 Sed
1389 1011 1517 1052 pergo

276 1063 327 1103 ad
361 1079 400 1103 v.
430 1065 468 1103 6.

335 1128 446 1169 11.1n
464 1128 595 1168 altero
610 1128 870 1169 hemistichio
886 1129 1081 1181 postremi
1096 1129 1340 1181 pentametri
1352 1128 1520 1169 exhibe·

277 1198 349 1233 tur
367 1194 411 1232 in
438 1193 668 1233 codicibus:
700 1194 807 1233 dum
834 1194 958 1234 modo
987 1195 1082 1245 ipse
1109 1198 1241 1246 ερεαι,
1263 1195 1306 1233 in
1326 1206 1406 1246 quo
1426 1206 1519 1234 sen-

274 1259 405 1298 tentia
426 1257 587 1310 quidem
607 1262 750 1306 staret,
773 1258 843 1298 sed
864 1257 1032 1299 offendit
1051 1258 1198 1307 hiatus,
1219 1259 1335 1299 ouius
1355 1259 1514 1299 vitandi

277 1336 404 1363 causa
425 1324 523 1363 olim
540 1323 747 1370 edebatur,
764 1328 916 1364 mutato
936 1323 1194 1364 intoleranda
1210 1324 1379 1364 audacia
1393 1324 1518 1365 modo

276 1390 320 1427 in
340 1392 497 1435 tamen,
518 1389 623 1428 dum
642 1392 784 1429 tamen
805 1389 899 1440 ipse
927 1392 1044 1440 eyeat
1078 1388 1331 1442 (Avancius).
1369 1390 1515 1428 Postea

274 1454 567 1493 Lachmannus
596 1453 752 1492 hiatum
781 1466 929 1493 rursus
957 1454 1133 1502 admisit,
1157 1454 1228 1494 sed
1245 1466 1320 1507 pro
1340 1466 1387 1494 eo
1406 1454 1514 1506 quod

274 1520 335 1557 est
362 1518 486 1559 modo
519 1530 642 1571 quum
677 1519 922 1558 coniecisset
954 1518 1096 1567 domo,
1132 1517 1279 1558 edidit:
1309 1519 1414 1558 dum
1433 1519 1514 1558 do-

273 1595 342 1623 mo
372 1584 462 1636 ipse
488 1587 621 1636 eqeat.
649 1582 705 1623 At
744 1584 778 1623 si
807 1584 999 1624 carminis
1030 1595 1197 1624 sensum
1226 1583 1353 1636 probe
1372 1587 1507 1630 teneo,

273 1649 402 1688 verba
430 1649 533 1689 haec
569 1661 675 1701 quae
717 1649 1008 1690 Lachmannus
1034 1649 1170 1701 posuit
1196 1660 1289 1689 cum
1323 1649 1374 1687 iis
1405 1660 1510 1700 quae
1574 1665 1579 1669 ·

273 1713 541 1767 praecedunt,
562 1714 670 1754 male
699 1715 1018 1768 coniunguntur.
1051 1713 1242 1754 Catullus
1271 1715 1379 1753 enim
1409 1725 1515 1753 con-

272 1779 378 1819 cedit
425 1780 674 1819 Mamurram
724 1779 892 1819 divitem
920 1792 1008 1819 esse
1028 1809 1037 1825 ,
1069 1781 1104 1818 si
1136 1778 1279 1825 fundi,
1318 1791 1439 1830 quem
1471 1779 1507 1818 is

272 1844 452 1885 habebat
471 1875 482 1893 ‚
513 1845 618 1885 ratio
647 1844 925 1885 tantummodo
953 1843 1185 1884 habeatur:
1216 1842 1327 1897 [(huc
1356 1842 1514 1883 faciunt

273 1920 377 1961 quae
421 1909 576 1948 Cicero
618 1909 676 1948 ad
716 1910 804 1949 Att.
849 1909 964 1958 7,7,6
991 1909 1136 1948 habet:
1186 1923 1207 1944 «
1251 1912 1292 1947 et
1345 1909 1516 1947 Labieni

273 1973 456 2014 divitiae
485 1976 525 2013 et
553 1972 806 2014 Mamurrae
833 1973 1033 2026 placent»
1051 1972 1088 2026 );
1121 1971 1190 2013 sed
1220 1983 1377 2020 rursus,
1399 1984 1515 2013 sum-

270 2042 412 2090 ptuum
460 2038 619 2077 ratione
667 2037 808 2078 habita
827 2070 836 2086 ‚
885 2041 1010 2089 negat
1057 2049 1150 2077 eum
1189 2036 1355 2077 divitem
1403 2049 1509 2086 esse3

270 2115 375 2156 quae
403 2107 547 2157 poetae
576 2103 705 2144 nostri
743 2102 1044 2157 argumentatio
1071 2103 1176 2143 iusta
1197 2106 1280 2150 est;
1310 2101 1380 2143 sed
1408 2102 1518 2148 nulli

269 2180 447 2220 unquam
483 2180 583 2208 sano
602 2198 612 2214 ,
645 2180 697 2207 ne
727 2169 893 2208 inimico
922 2167 1105 2221 quidem,
1135 2167 1186 2207 de
1213 2167 1272 2219 {eo
1305 2167 1513 2220 loquenti,

270 2235 340 2287 qui
369 2235 450 2275 nisi
478 2235 706 2287 sumptibus
736 2238 968 2287 superasset
997 2235 1158 2275 fructus
1201 2233 1423 2274 ditissimus
1451 2233 1512 2272 vi·

270 2299 362 2340 deri
389 2301 543 2352 potuit,
582 2299 662 2340 hoc
709 2299 929 2340 excidisset
978 2300 1148 2340 verbum
1167 2329 1177 2346 ,
1209 2299 1405 2338 nimirum
1433 2298 1517 2337 ho-

271 2365 424 2404 minem
471 2364 582 2405 hunc
626 2366 757 2418 ipsum
801 2365 852 2405 ob
891 2369 1074 2418 sumptus
1116 2367 1391 2417 exuperantes
1433 2375 1516 2403 non

272 2429 391 2470 modo
434 2429 591 2469 divitiis
620 2423 689 2471 sed
733 2430 859 2471 domo
902 2431 991 2483 ipsa
1021 2431 1217 2470 caruisse.
1254 2430 1345 2476 Quo
1387 2428 1517 2479 magis
