1815 2973
320 165 366 200 28
775 175 821 200 m
843 174 1031 201 carmon

271 244 374 284 sime
402 240 609 291 definiam,
639 241 977 300 confirmemque,
1007 250 1131 295 quum
1159 242 1520 298 Mamur-rewers.

274 307 302 348 3
330 308 435 362 seq.)
465 308 597 349 dictus
624 309 678 349 sit
705 307 863 349 habere
891 307 1000 361 quod
1018 312 1142 349 antea
1163 307 1308 350 Gallia
1338 308 1522 351 Comata

281 377 324 415 et
365 374 604 416 Britannia
645 372 836 423 habebat,
865 372 958 415 fleri
985 385 1072 416 non
1114 373 1245 428 potuit
1272 374 1331 415 ‘ut
1372 372 1522 416 deinde

279 439 406 492 (vers.
439 440 491 479 17
522 438 653 492 seqq.)
696 441 740 479 in
768 441 1079 481 enumeratione
1117 439 1380 493 praedarum,
1419 451 1521 493 quas

275 503 464 546 Catullus
494 504 688 559 appellat,
717 504 976 547 omitteretur
1001 505 1154 559 praeda
1175 505 1342 546 Gallica
1362 508 1403 546 et
1421 502 1522 546 Bri-¹

278 571 466 610 tanniea.
500 570 799 621 Contemplaris
827 570 937 609 enim
966 570 1082 622 quasi
1109 570 1153 609 in
1191 570 1331 609 tabula
1372 569 1441 608 vel
1474 571 1520 609 in

273 631 406 675 linteo
425 634 680 675 Mamurram
708 634 846 676 omnia
873 633 1158 683 devorantem
1188 634 1284 687 quid
1313 638 1397 675 tum
1418 634 1519 675 siin

273 698 437 750 pictura
464 703 621 751 partem
649 698 898 750 praedarum
926 697 1260 739 devorandarum
1288 698 1398 738 oculi
1416 697 1522 738 desi·
1568 732 1571 742 ,

276 761 451 804 derentss
478 765 752 818 Quapropter,
782 763 942 805 stabilis
961 776 1054 805 mea
1071 764 1275 807 sententia
1302 762 1393 805 fore
1420 775 1515 804 con·

275 827 356 868 fido
384 832 429 868 ut
456 829 533 868 tibi
560 828 764 869 videatur.

407 893 478 933 ΙΙΙ.
509 894 689 936 Carmen
727 897 790 934 est
827 895 870 933 in
899 893 1166 938 Mamurram.
1212 895 1271 934 De
1299 894 1514 934 Mamurra

278 957 460 998 Formiis
489 962 586 999 nato
614 962 654 998 et
671 958 881 1010 praefecto
901 958 1066 998 fabrum
1095 958 1289 999 Caesaris
1308 957 1351 997 in
1373 957 1514 998 Gallia

280 1021 335 1062 cf.
367 1023 563 1064 Plinium
592 1023 696 1064 hist.
727 1023 822 1065 Nat.
844 1022 965 1071 36,48
985 1024 1195 1076 ipsumque
1215 1022 1512 1064 Catullumffl.

278 1086 329 1127 In
348 1086 623 1141 descriptione
641 1088 803 1130 itineris
818 1087 1084 1130 Brundisium
1103 1089 1293 1141 suscepti,
1314 1087 1513 1129 Horatius

280 1152 485 1193 Formias
512 1153 680 1202 indicat,
701 1154 850 1194 omisso
882 1157 1022 1193 tamen
1050 1154 1213 1193 nomine
1232 1153 1371 1192 urbis:
1392 1152 1515 1205 quum

275 1217 473 1259 nimirum
500 1218 711 1266 Horatius,
745 1218 975 1266 Maecenas,
1005 1217 1214 1265 Cocceius,
1245 1219 1373 1258 ceteri
1414 1218 1514 1258 reli-

282 1283 471 1334 quissent

456 1400 710 1447 «Impositum
739 1401 837 1437 saxis
862 1401 936 1437 late
961 1401 1197 1437 candentibus
1222 1401 1355 1437 Anxur
1374 1413 1393 1434 »

279 1505 571 1543 sustinuerunt
613 1504 806 1551 Formiis,
841 1516 961 1556 quem
998 1505 1133 1543 locum
1174 1503 1238 1556 (eo
1276 1507 1396 1543 erant
1431 1504 1519 1543 Ma-

278 1581 445 1609 murrae
474 1570 532 1609 ibi
560 1569 797 1609 habitantes
826 1570 991 1608 nomine
1012 1573 1053 1608 et
1072 1568 1284 1621 dignitate)
1310 1568 1516 1620 significat

277 1638 396 1686 poeta
426 1635 612 1675 scribens
634 1647 642 1674 :

379 1763 398 1789 c
415 1752 459 1790 In
483 1753 782 1789 Mamurrarum
807 1753 896 1789 lassi
921 1752 1052 1790 deinde
1077 1752 1171 1788 urbe
1196 1763 1384 1789 manemus

425 1814 584 1849 Murena
610 1814 810 1860 praebente
836 1814 997 1854 domum,
1024 1813 1201 1859 Capitone
1227 1812 1398 1850 culinam.
1420 1825 1439 1846 »

333 1928 392 1967 De
409 1928 622 1967 Mamurra
642 1928 837 1966 disseruit
856 1928 1017 1977 copiose
1049 1938 1180 1977 nuper
1208 1928 1245 1965 J.
1273 1927 1426 1966 Munro
1456 1926 1518 1978 (In

281 1991 543 2045 Gambridye
560 1992 746 2032 Journal
765 1992 821 2043 of
835 1991 1043 2043 philolog).
1065 1990 1161 2038 2,12
1179 1988 1322 2044 seqq).
1349 1990 1428 2031 Sed
1442 2003 1517 2031 nos

278 2057 330 2097 ad
358 2057 523 2109 reliqua
550 2069 675 2109 porro
705 2055 940 2108 peragenda
968 2055 1234 2108 impellimur.

331 2122 479 2175 Incipit
494 2132 661 2161 carmen
683 2132 736 2160 ex
757 2121 943 2173 abrupto,
960 2119 1120 2160 Catullo
1138 2119 1378 2173 indignante
1393 2121 1519 2161 homi-

277 2199 372 2227 nem
401 2187 514 2227 illum
542 2190 634 2239 post
661 2199 751 2226 rem
778 2189 990 2238 paternam
1020 2185 1304 2238 obligurritam
1329 2187 1519 2239 regiona-

278 2264 452 2304 rumque
469 2255 706 2292 exterarum
722 2250 990 2303 complurium
1005 2250 1170 2290 divitias
1186 2250 1434 2303 absumptas,
1447 2251 1519 2290 im-

278 2318 437 2358 minere
449 2318 643 2359 Comatae
659 2314 819 2356 Galliae
844 2319 885 2355 et
908 2316 1159 2363 Britanniae,
1175 2328 1349 2368 quarum
1362 2315 1517 2356 scilicet

277 2381 592 2436 expilandarum
608 2382 781 2428 Caesar,
800 2381 870 2433 qui
890 2393 961 2421 eas
982 2381 1216 2433 subegerat,
1237 2381 1275 2420 ei
1295 2380 1515 2420 arbitrium

1776 2135 1800 2169 (a,
1779 2103 1798 2121 ¹¹‘z
1775 2038 1802 2079 „2⁴21

1780 2164 1815 2390 hfflsskam’x

1765 2373 1769 2378 .
1783 2389 1802 2405 :i

1782 2408 1799 2427 ,ῑ

1780 2525 1789 2537 ..,
1797 2529 1815 2546 „5

1754 2582 1759 2589 )
1789 2575 1804 2585 Β

1774 2605 1781 2612 .

1777 2618 1791 2633 ‘1

1798 1257 1815 1270 ¹0·

1783 1271 1815 1309 με.

1799 1310 1815 1346 η’

1777 1358 1815 1376 '⁴5

1783 1390 1815 1418 -'3:·

1767 1441 1773 1456 ι
1797 1426 1815 1454 ’ῗ

1802 1474 1810 1484 ἱ

1783 1567 1815 1591 ·;

1788 1628 1815 1652 4.

1759 1657 1815 1705 ,ἰν-’ᾖ

1787 1706 1815 1737 (ἰ

1772 1792 1775 1795 -
1790 1765 1815 1812 »τε

1776 1824 1815 1867 2:95,

1776 1878 1786 1888 κ
1798 1871 1815 1893 ,1‘

1769 1887 1815 1924 ·..¹

1765 1922 1815 1959 13⁶4

1780 1957 1796 1967 a&
1811 1953 1815 1961 Ι

1780 1971 1786 1978 ,

1789 2029 1815 2059 ”E

1792 2089 1815 2161 ›md-1⁴*
1802 2063 1815 2080 1:-
