<?xml version="1.0" encoding="UTF-8"?>
<!DOCTYPE html PUBLIC "-//W3C//DTD XHTML 1.0 Transitional//EN"
    "http://www.w3.org/TR/xhtml1/DTD/xhtml1-transitional.dtd">
<html xmlns="http://www.w3.org/1999/xhtml" xml:lang="en" lang="en">
 <head>
  <title>
</title>
<meta http-equiv="Content-Type" content="text/html;charset=utf-8" />
  <meta name='ocr-system' content='tesseract 3.04.00' />
  <meta name='ocr-capabilities' content='ocr_page ocr_carea ocr_par ocr_line ocrx_word'/>
</head>
<body>
  <div class='ocr_page' id='page_1' title='image "4737923_0104.png"; bbox 0 0 1815 2973; ppageno 0'>
   <div class='ocr_carea' id='block_1_1' title="bbox 1351 232 1397 257">
    <p class='ocr_par' dir='ltr' id='par_1_1' title="bbox 1351 232 1397 257">
     <span class='ocr_line' id='line_1_1' title="bbox 1351 232 1397 257; baseline 0 -15"><span class='ocrx_word' id='word_1_1' title='bbox 1351 238 1356 242; x_wconf 93' lang='grc'><em>,</em></span> <span class='ocrx_word' id='word_1_2' title='bbox 1367 232 1397 257; x_wconf 31' lang='grc' dir='ltr'><strong>θ’)</strong></span> 
     </span>
    </p>
   </div>
   <div class='ocr_carea' id='block_1_2' title="bbox 264 268 1592 1448">
    <p class='ocr_par' dir='ltr' id='par_1_2' title="bbox 264 268 1592 792">
     <span class='ocr_line' id='line_1_2' title="bbox 287 268 1476 338; baseline 0.002 -15"><span class='ocrx_word' id='word_1_3' title='bbox 287 280 566 324; x_wconf 86' lang='lat' dir='ltr'><strong>tantummodo</strong></span> <span class='ocrx_word' id='word_1_4' title='bbox 595 282 798 322; x_wconf 83' lang='lat' dir='ltr'><strong>rationem</strong></span> <span class='ocrx_word' id='word_1_5' title='bbox 825 281 1064 330; x_wconf 83' lang='lat' dir='ltr'>habeamus,</span> <span class='ocrx_word' id='word_1_6' title='bbox 1094 268 1207 322; x_wconf 79' lang='lat' dir='ltr'><strong>nihil&#39;</strong></span> <span class='ocrx_word' id='word_1_7' title='bbox 1226 281 1476 338; x_wconf 48' lang='lat' dir='ltr'><strong>obstarem</strong></span> 
     </span>
     <span class='ocr_line' id='line_1_3' title="bbox 264 344 1592 401; baseline 0.002 -14"><span class='ocrx_word' id='word_1_8' title='bbox 264 362 268 367; x_wconf 84' lang='lat'><strong>·</strong></span> <span class='ocrx_word' id='word_1_9' title='bbox 286 348 423 388; x_wconf 86' lang='lat' dir='ltr'><strong>minus</strong></span> <span class='ocrx_word' id='word_1_10' title='bbox 433 350 623 400; x_wconf 84' lang='lat' dir='ltr'><strong>putemus</strong></span> <span class='ocrx_word' id='word_1_11' title='bbox 638 346 767 387; x_wconf 87' lang='lat' dir='ltr'><strong>verba</strong></span> <span class='ocrx_word' id='word_1_12' title='bbox 782 346 855 388; x_wconf 88' lang='lat' dir='ltr'><strong>illa</strong></span> <span class='ocrx_word' id='word_1_13' title='bbox 869 346 1065 400; x_wconf 77' lang='lat' dir='ltr'><strong>corrupta</strong></span> <span class='ocrx_word' id='word_1_14' title='bbox 1076 358 1129 388; x_wconf 85' lang='lat' dir='ltr'><strong>ex</strong></span> <span class='ocrx_word' id='word_1_15' title='bbox 1139 347 1281 401; x_wconf 74' lang='lat' dir='ltr'><strong>verbis</strong></span> <span class='ocrx_word' id='word_1_16' title='bbox 1286 344 1531 401; x_wconf 60' lang='lat' dir='ltr'><strong>„huiusmodi</strong></span> <span class='ocrx_word' id='word_1_17' title='bbox 1580 355 1592 373; x_wconf 52' lang='lat' dir='ltr'><em>f</em></span> 
     </span>
     <span class='ocr_line' id='line_1_4' title="bbox 284 411 1530 468; baseline 0.001 -14"><span class='ocrx_word' id='word_1_18' title='bbox 284 412 536 465; x_wconf 79' lang='lat' dir='ltr'><strong>Sempronio</strong></span> <span class='ocrx_word' id='word_1_19' title='bbox 579 412 752 454; x_wconf 75' lang='lat' dir='ltr'><strong>volones</strong></span> <span class='ocrx_word' id='word_1_20' title='bbox 793 413 875 465; x_wconf 80' lang='lat' dir='ltr'><strong>qui</strong></span> <span class='ocrx_word' id='word_1_21' title='bbox 917 411 982 468; x_wconf 56' lang='grc' dir='ltr'><strong>ἰὸς·</strong></span> <span class='ocrx_word' id='word_1_22' title='bbox 1014 417 1155 461; x_wconf 81' lang='lat' dir='ltr'><strong>erant,</strong></span> <span class='ocrx_word' id='word_1_23' title='bbox 1185 412 1304 466; x_wconf 82' lang='lat' dir='ltr'><strong>lapsu</strong></span> <span class='ocrx_word' id='word_1_24' title='bbox 1335 416 1530 468; x_wconf 84' lang='lat' dir='ltr'><strong>temporis</strong></span> 
     </span>
     <span class='ocr_line' id='line_1_5' title="bbox 285 477 1528 532; baseline 0.002 -13"><span class='ocrx_word' id='word_1_25' title='bbox 285 481 408 532; x_wconf 79' lang='lat' dir='ltr'><strong>atque</strong></span> <span class='ocrx_word' id='word_1_26' title='bbox 451 477 683 518; x_wconf 83' lang='lat' dir='ltr'><strong>scribarum</strong></span> <span class='ocrx_word' id='word_1_27' title='bbox 726 478 1005 531; x_wconf 74' lang='lat' dir='ltr'><strong>negIIgentia&#39;,</strong></span> <span class='ocrx_word' id='word_1_28' title='bbox 1039 483 1131 519; x_wconf 89' lang='lat' dir='ltr'><strong>orta</strong></span> <span class='ocrx_word' id='word_1_29' title='bbox 1175 478 1331 521; x_wconf 85' lang='lat' dir='ltr'><strong>fuisse:</strong></span> <span class='ocrx_word' id='word_1_30' title='bbox 1370 480 1443 522; x_wconf 88' lang='lat' dir='ltr'><strong>sed</strong></span> <span class='ocrx_word' id='word_1_31' title='bbox 1484 481 1528 521; x_wconf 87' lang='lat' dir='ltr'><strong>in</strong></span> 
     </span>
     <span class='ocr_line' id='line_1_6' title="bbox 285 540 1529 587; baseline 0.002 -4"><span class='ocrx_word' id='word_1_32' title='bbox 285 542 554 583; x_wconf 84' lang='lat' dir='ltr'><strong>emendandis</strong></span> <span class='ocrx_word' id='word_1_33' title='bbox 575 540 815 585; x_wconf 70' lang='lat' dir='ltr'><strong>auctoribus</strong></span> <span class='ocrx_word' id='word_1_34' title='bbox 836 543 1042 583; x_wconf 88' lang='lat' dir='ltr'><strong>sententia</strong></span> <span class='ocrx_word' id='word_1_35' title='bbox 1068 544 1264 584; x_wconf 89' lang='lat' dir='ltr'><strong>universa</strong></span> <span class='ocrx_word' id='word_1_36' title='bbox 1292 556 1375 584; x_wconf 91' lang='lat' dir='ltr'><strong>non</strong></span> <span class='ocrx_word' id='word_1_37' title='bbox 1394 546 1529 587; x_wconf 87' lang='lat' dir='ltr'><strong>minus</strong></span> 
     </span>
     <span class='ocr_line' id='line_1_7' title="bbox 284 608 1531 663; baseline 0.003 -14"><span class='ocrx_word' id='word_1_38' title='bbox 284 620 404 663; x_wconf 90' lang='lat' dir='ltr'><strong>quam</strong></span> <span class='ocrx_word' id='word_1_39' title='bbox 433 608 564 649; x_wconf 88' lang='lat' dir='ltr'><strong>verba</strong></span> <span class='ocrx_word' id='word_1_40' title='bbox 593 608 743 649; x_wconf 86' lang='lat' dir='ltr'><strong>tradita</strong></span> <span class='ocrx_word' id='word_1_41' title='bbox 768 611 829 649; x_wconf 90' lang='lat' dir='ltr'><strong>est</strong></span> <span class='ocrx_word' id='word_1_42' title='bbox 858 608 1173 657; x_wconf 87' lang='lat' dir='ltr'><strong>consideranda,</strong></span> <span class='ocrx_word' id='word_1_43' title='bbox 1205 609 1403 651; x_wconf 91' lang='lat' dir='ltr'><strong>nimirum</strong></span> <span class='ocrx_word' id='word_1_44' title='bbox 1425 612 1531 653; x_wconf 86' lang='lat' dir='ltr'><strong>ratio</strong></span> 
     </span>
     <span class='ocr_line' id='line_1_8' title="bbox 285 672 1529 730; baseline 0.002 -16"><span class='ocrx_word' id='word_1_45' title='bbox 285 675 328 715; x_wconf 87' lang='lat' dir='ltr'><strong>in</strong></span> <span class='ocrx_word' id='word_1_46' title='bbox 355 674 495 727; x_wconf 89' lang='lat' dir='ltr'><strong>primis</strong></span> <span class='ocrx_word' id='word_1_47' title='bbox 525 672 716 714; x_wconf 87' lang='lat' dir='ltr'><strong>habenda</strong></span> <span class='ocrx_word' id='word_1_48' title='bbox 746 677 805 714; x_wconf 88' lang='lat' dir='ltr'><strong>est</strong></span> <span class='ocrx_word' id='word_1_49' title='bbox 831 673 1054 727; x_wconf 81' lang='lat' dir='ltr'>diligenter</span> <span class='ocrx_word' id='word_1_50' title='bbox 1079 673 1274 727; x_wconf 85' lang='lat' dir='ltr'><strong>quidnam</strong></span> <span class='ocrx_word' id='word_1_51' title='bbox 1300 687 1353 716; x_wconf 86' lang='lat' dir='ltr'><strong>ex</strong></span> <span class='ocrx_word' id='word_1_52' title='bbox 1368 688 1529 730; x_wconf 87' lang='lat' dir='ltr'><strong>quaque</strong></span> 
     </span>
     <span class='ocr_line' id='line_1_9' title="bbox 286 741 845 792; baseline -0.002 -11"><span class='ocrx_word' id='word_1_53' title='bbox 286 741 524 781; x_wconf 83' lang='lat' dir='ltr'><strong>coniectura</strong></span> <span class='ocrx_word' id='word_1_54' title='bbox 555 743 845 792; x_wconf 88' lang='lat' dir='ltr'><strong>consequatur.</strong></span> 
     </span>
    </p>

    <p class='ocr_par' dir='ltr' id='par_1_3' title="bbox 285 805 1564 1448">
     <span class='ocr_line' id='line_1_10' title="bbox 341 805 1528 859; baseline 0.001 -12"><span class='ocrx_word' id='word_1_55' title='bbox 341 806 421 848; x_wconf 87' lang='lat' dir='ltr'><strong>Hic</strong></span> <span class='ocrx_word' id='word_1_56' title='bbox 450 809 587 846; x_wconf 88' lang='lat' dir='ltr'><strong>autem</strong></span> <span class='ocrx_word' id='word_1_57' title='bbox 619 806 865 858; x_wconf 86' lang='lat' dir='ltr'><strong>sententiam</strong></span> <span class='ocrx_word' id='word_1_58' title='bbox 889 807 1175 859; x_wconf 84' lang='lat' dir='ltr'>pravissimam</span> <span class='ocrx_word' id='word_1_59' title='bbox 1198 805 1375 847; x_wconf 89' lang='lat' dir='ltr'><strong>efficiunt</strong></span> <span class='ocrx_word' id='word_1_60' title='bbox 1404 807 1483 849; x_wconf 92' lang='lat' dir='ltr'><strong>ista</strong></span> <span class='ocrx_word' id='word_1_61' title='bbox 1503 821 1528 849; x_wconf 89' lang='lat' dir='ltr'><strong>a</strong></span> 
     </span>
     <span class='ocr_line' id='line_1_11' title="bbox 287 872 1564 924; baseline 0.001 -12"><span class='ocrx_word' id='word_1_62' title='bbox 287 872 442 912; x_wconf 83' lang='lat' dir='ltr'><strong>criticis</strong></span> <span class='ocrx_word' id='word_1_63' title='bbox 482 883 590 924; x_wconf 78' lang='lat' dir='ltr'><strong>‚quos</strong></span> <span class='ocrx_word' id='word_1_64' title='bbox 633 873 860 910; x_wconf 85' lang='lat' dir='ltr'><strong>memoravi</strong></span> <span class='ocrx_word' id='word_1_65' title='bbox 899 873 956 911; x_wconf 89' lang='lat' dir='ltr'><strong>ita</strong></span> <span class='ocrx_word' id='word_1_66' title='bbox 999 872 1202 918; x_wconf 90' lang='lat' dir='ltr'><strong>restituta,</strong></span> <span class='ocrx_word' id='word_1_67' title='bbox 1234 884 1327 912; x_wconf 85' lang='lat' dir='ltr'><strong>cum</strong></span> <span class='ocrx_word' id='word_1_68' title='bbox 1355 877 1527 913; x_wconf 87' lang='lat' dir='ltr'><strong>antece·</strong></span> <span class='ocrx_word' id='word_1_69' title='bbox 1559 915 1564 922; x_wconf 67' lang='grc'><strong>,</strong></span> 
     </span>
     <span class='ocr_line' id='line_1_12' title="bbox 287 936 1528 991; baseline 0.001 -13"><span class='ocrx_word' id='word_1_70' title='bbox 287 937 476 978; x_wconf 88' lang='lat' dir='ltr'><strong>dentibus</strong></span> <span class='ocrx_word' id='word_1_71' title='bbox 506 936 663 977; x_wconf 85' lang='lat' dir='ltr'><strong>scilicet</strong></span> <span class='ocrx_word' id='word_1_72' title='bbox 687 937 792 976; x_wconf 84' lang='lat' dir='ltr'><strong>mire</strong></span> <span class='ocrx_word' id='word_1_73' title='bbox 811 938 1052 989; x_wconf 84' lang='lat' dir='ltr'><strong>pugnantia.</strong></span> <span class='ocrx_word' id='word_1_74' title='bbox 1085 936 1184 982; x_wconf 90' lang='lat' dir='ltr'><strong>Quis</strong></span> <span class='ocrx_word' id='word_1_75' title='bbox 1213 939 1347 977; x_wconf 90' lang='lat' dir='ltr'><strong>autem</strong></span> <span class='ocrx_word' id='word_1_76' title='bbox 1367 939 1528 991; x_wconf 87' lang='lat' dir='ltr'><strong>magnis</strong></span> 
     </span>
     <span class='ocr_line' id='line_1_13' title="bbox 288 1003 1530 1056; baseline 0.001 -14"><span class='ocrx_word' id='word_1_77' title='bbox 288 1003 573 1056; x_wconf 81' lang='lat' dir='ltr'><strong>scriptoribus,</strong></span> <span class='ocrx_word' id='word_1_78' title='bbox 593 1003 680 1050; x_wconf 78' lang='lat' dir='ltr'><strong>sine</strong></span> <span class='ocrx_word' id='word_1_79' title='bbox 702 1014 859 1041; x_wconf 88' lang='lat' dir='ltr'><strong>summa</strong></span> <span class='ocrx_word' id='word_1_80' title='bbox 874 1004 1131 1050; x_wconf 84' lang='lat' dir='ltr'><strong>necessitate,</strong></span> <span class='ocrx_word' id='word_1_81' title='bbox 1148 1015 1286 1043; x_wconf 88' lang='lat' dir='ltr'><strong>secum</strong></span> <span class='ocrx_word' id='word_1_82' title='bbox 1302 1005 1530 1055; x_wconf 85' lang='lat' dir='ltr'><strong>pugnantia</strong></span> 
     </span>
     <span class='ocr_line' id='line_1_14' title="bbox 288 1066 1529 1119; baseline 0 -11"><span class='ocrx_word' id='word_1_83' title='bbox 288 1080 413 1108; x_wconf 83' lang='lat' dir='ltr'><strong>sanus</strong></span> <span class='ocrx_word' id='word_1_84' title='bbox 435 1066 604 1107; x_wconf 72' lang='lat' dir='ltr'><strong>tribuet?</strong></span> <span class='ocrx_word' id='word_1_85' title='bbox 621 1068 769 1106; x_wconf 85' lang='lat' dir='ltr'><strong>etenim</strong></span> <span class='ocrx_word' id='word_1_86' title='bbox 789 1068 930 1107; x_wconf 86' lang='lat' dir='ltr'><strong>sicum</strong></span> <span class='ocrx_word' id='word_1_87' title='bbox 947 1067 1167 1119; x_wconf 88' lang='lat' dir='ltr'><strong>Madvigio,</strong></span> <span class='ocrx_word' id='word_1_88' title='bbox 1185 1067 1529 1111; x_wconf 89' lang='lat' dir='ltr'><strong>Weissenbornio</strong></span> 
     </span>
     <span class='ocr_line' id='line_1_15' title="bbox 285 1132 1547 1186; baseline -0.002 -11"><span class='ocrx_word' id='word_1_89' title='bbox 285 1135 514 1186; x_wconf 82' lang='lat' dir='ltr'><strong>ceterisque</strong></span> <span class='ocrx_word' id='word_1_90' title='bbox 537 1133 628 1172; x_wconf 84' lang='lat' dir='ltr'><strong>fere</strong></span> <span class='ocrx_word' id='word_1_91' title='bbox 651 1132 836 1173; x_wconf 89' lang='lat' dir='ltr'><strong>omnibus</strong></span> <span class='ocrx_word' id='word_1_92' title='bbox 864 1132 979 1185; x_wconf 86' lang='lat' dir='ltr'><strong>legas</strong></span> <span class='ocrx_word' id='word_1_93' title='bbox 1009 1132 1115 1185; x_wconf 89' lang='lat' dir='ltr'><strong>apud</strong></span> <span class='ocrx_word' id='word_1_94' title='bbox 1145 1133 1339 1173; x_wconf 86' lang='lat' dir='ltr'><strong>Livium:</strong></span> <span class='ocrx_word' id='word_1_95' title='bbox 1376 1149 1396 1170; x_wconf 63' lang='grc' dir='ltr'><strong><em>ι</em></strong></span> <span class='ocrx_word' id='word_1_96' title='bbox 1426 1133 1547 1173; x_wconf 79' lang='lat' dir='ltr'><strong>Con-¹</strong></span> 
     </span>
     <span class='ocr_line' id='line_1_16' title="bbox 287 1196 1530 1239; baseline 0.004 -5"><span class='ocrx_word' id='word_1_97' title='bbox 287 1213 308 1234; x_wconf 85' lang='lat'><strong>«</strong></span> <span class='ocrx_word' id='word_1_98' title='bbox 340 1199 451 1238; x_wconf 87' lang='lat' dir='ltr'><strong>sules</strong></span> <span class='ocrx_word' id='word_1_99' title='bbox 482 1198 688 1238; x_wconf 85' lang='lat' dir='ltr'><strong>exercitus</strong></span> <span class='ocrx_word' id='word_1_100' title='bbox 717 1197 826 1237; x_wconf 88' lang='lat' dir='ltr'><strong>inter</strong></span> <span class='ocrx_word' id='word_1_101' title='bbox 856 1210 946 1238; x_wconf 88' lang='lat' dir='ltr'><strong>sese</strong></span> <span class='ocrx_word' id='word_1_102' title='bbox 967 1196 1210 1237; x_wconf 86' lang='lat' dir='ltr'><strong>diviserunt.</strong></span> <span class='ocrx_word' id='word_1_103' title='bbox 1242 1197 1372 1237; x_wconf 90' lang='lat' dir='ltr'><strong>Fabio</strong></span> <span class='ocrx_word' id='word_1_104' title='bbox 1412 1211 1530 1239; x_wconf 84' lang='lat' dir='ltr'><strong>exer-</strong></span> 
     </span>
     <span class='ocr_line' id='line_1_17' title="bbox 290 1263 1531 1317; baseline 0.002 -14"><span class='ocrx_word' id='word_1_105' title='bbox 290 1281 310 1303; x_wconf 85' lang='lat'>«</span> <span class='ocrx_word' id='word_1_106' title='bbox 340 1266 446 1306; x_wconf 89' lang='lat' dir='ltr'><strong>citus</strong></span> <span class='ocrx_word' id='word_1_107' title='bbox 469 1264 613 1312; x_wconf 88' lang='lat' dir='ltr'><strong>Teani,</strong></span> <span class='ocrx_word' id='word_1_108' title='bbox 637 1264 702 1304; x_wconf 89' lang='lat' dir='ltr'><strong>cui</strong></span> <span class='ocrx_word' id='word_1_109' title='bbox 722 1263 778 1304; x_wconf 91' lang='lat' dir='ltr'><strong>M.</strong></span> <span class='ocrx_word' id='word_1_110' title='bbox 800 1263 946 1303; x_wconf 86' lang='lat' dir='ltr'><strong>Junius</strong></span> <span class='ocrx_word' id='word_1_111' title='bbox 967 1263 1142 1305; x_wconf 88' lang='lat' dir='ltr'><strong>dictator</strong></span> <span class='ocrx_word' id='word_1_112' title='bbox 1161 1263 1415 1317; x_wconf 79' lang='lat' dir='ltr'><strong>praefuerat,</strong></span> <span class='ocrx_word' id='word_1_113' title='bbox 1434 1277 1531 1305; x_wconf 87' lang='lat' dir='ltr'><strong>eve-</strong></span> 
     </span>
     <span class='ocr_line' id='line_1_18' title="bbox 291 1330 1529 1382; baseline 0.002 -15"><span class='ocrx_word' id='word_1_114' title='bbox 291 1347 311 1367; x_wconf 84' lang='lat'><strong><em>«</em></strong></span> <span class='ocrx_word' id='word_1_115' title='bbox 340 1332 421 1378; x_wconf 88' lang='lat' dir='ltr'><strong>nit;</strong></span> <span class='ocrx_word' id='word_1_116' title='bbox 455 1330 707 1382; x_wconf 77' lang='lat' dir='ltr'><strong>Sempronio</strong></span> <span class='ocrx_word' id='word_1_117' title='bbox 728 1331 897 1370; x_wconf 77' lang='lat' dir='ltr'><strong>volones</strong></span> <span class='ocrx_word' id='word_1_118' title='bbox 918 1330 997 1381; x_wconf 78' lang='lat' dir='ltr'><strong>qui</strong></span> <span class='ocrx_word' id='word_1_119' title='bbox 1016 1330 1076 1368; x_wconf 84' lang='lat' dir='ltr'><strong>ibi</strong></span> <span class='ocrx_word' id='word_1_120' title='bbox 1096 1333 1232 1376; x_wconf 72' lang='lat' dir='ltr'><strong>erant,</strong></span> <span class='ocrx_word' id='word_1_121' title='bbox 1265 1333 1305 1368; x_wconf 90' lang='lat' dir='ltr'><strong>et</strong></span> <span class='ocrx_word' id='word_1_122' title='bbox 1325 1331 1529 1370; x_wconf 89' lang='lat' dir='ltr'><strong>sociorum</strong></span> 
     </span>
     <span class='ocr_line' id='line_1_19' title="bbox 291 1394 1528 1448; baseline 0.002 -15"><span class='ocrx_word' id='word_1_123' title='bbox 291 1412 312 1433; x_wconf 89' lang='lat'>«</span> <span class='ocrx_word' id='word_1_124' title='bbox 341 1396 487 1448; x_wconf 87' lang='lat' dir='ltr'><strong>viginti</strong></span> <span class='ocrx_word' id='word_1_125' title='bbox 529 1396 706 1448; x_wconf 86' lang='lat' dir='ltr'><strong>quinque</strong></span> <span class='ocrx_word' id='word_1_126' title='bbox 751 1395 866 1434; x_wconf 89' lang='lat' dir='ltr'><strong>milia</strong></span> <span class='ocrx_word' id='word_1_127' title='bbox 895 1410 916 1431; x_wconf 88' lang='lat'>»</span> <span class='ocrx_word' id='word_1_128' title='bbox 948 1395 1177 1447; x_wconf 85' lang='lat' dir='ltr'><strong>pugnantia</strong></span> <span class='ocrx_word' id='word_1_129' title='bbox 1207 1406 1347 1434; x_wconf 89' lang='lat' dir='ltr'><strong>secum</strong></span> <span class='ocrx_word' id='word_1_130' title='bbox 1377 1394 1528 1436; x_wconf 87' lang='lat' dir='ltr'><strong>idcirco</strong></span> 
     </span>
    </p>
   </div>
   <div class='ocr_carea' id='block_1_3' title="bbox 224 1459 1525 1513">
    <p class='ocr_par' dir='ltr' id='par_1_4' title="bbox 224 1459 1525 1513">
     <span class='ocr_line' id='line_1_20' title="bbox 224 1459 1525 1513; baseline -0.001 -13"><span class='ocrx_word' id='word_1_131' title='bbox 224 1483 227 1485; x_wconf 61' lang='lat'>&gt;</span> <span class='ocrx_word' id='word_1_132' title='bbox 287 1461 527 1513; x_wconf 73' lang='lat' dir='ltr'><strong>coniungeS,</strong></span> <span class='ocrx_word' id='word_1_133' title='bbox 558 1459 663 1513; x_wconf 89' lang='lat' dir='ltr'><strong>quod</strong></span> <span class='ocrx_word' id='word_1_134' title='bbox 707 1460 747 1498; x_wconf 94' lang='lat' dir='ltr'><strong>in</strong></span> <span class='ocrx_word' id='word_1_135' title='bbox 782 1471 829 1498; x_wconf 88' lang='lat' dir='ltr'><strong>ea</strong></span> <span class='ocrx_word' id='word_1_136' title='bbox 861 1460 943 1498; x_wconf 86' lang='lat' dir='ltr'><strong>eris</strong></span> <span class='ocrx_word' id='word_1_137' title='bbox 975 1460 1180 1499; x_wconf 87' lang='lat' dir='ltr'><strong>sententia</strong></span> <span class='ocrx_word' id='word_1_138' title='bbox 1210 1460 1327 1511; x_wconf 89' lang='lat' dir='ltr'><strong>quasi</strong></span> <span class='ocrx_word' id='word_1_139' title='bbox 1355 1459 1525 1500; x_wconf 88' lang='lat' dir='ltr'><strong>volones</strong></span> 
     </span>
    </p>
   </div>
   <div class='ocr_carea' id='block_1_4' title="bbox 275 1523 1554 2497">
    <p class='ocr_par' dir='ltr' id='par_1_5' title="bbox 275 1523 1554 2497">
     <span class='ocr_line' id='line_1_21' title="bbox 275 1523 1526 1577; baseline 0.002 -14"><span class='ocrx_word' id='word_1_140' title='bbox 275 1526 408 1566; x_wconf 15' lang='lat' dir='ltr'><strong>*iidem</strong></span> <span class='ocrx_word' id='word_1_141' title='bbox 449 1525 636 1565; x_wconf 82' lang='lat' dir='ltr'><strong>attributi</strong></span> <span class='ocrx_word' id='word_1_142' title='bbox 666 1524 825 1565; x_wconf 85' lang='lat' dir='ltr'><strong>fuerint</strong></span> <span class='ocrx_word' id='word_1_143' title='bbox 854 1523 1018 1565; x_wconf 80' lang='lat' dir='ltr'><strong>duobus</strong></span> <span class='ocrx_word' id='word_1_144' title='bbox 1047 1525 1194 1565; x_wconf 84' lang='lat' dir='ltr'><strong>eodem</strong></span> <span class='ocrx_word' id='word_1_145' title='bbox 1223 1530 1414 1577; x_wconf 72' lang='lat' dir='ltr'><strong>tempor-e</strong></span> <span class='ocrx_word' id='word_1_146' title='bbox 1441 1525 1526 1565; x_wconf 82' lang='lat' dir='ltr'><strong>du-</strong></span> 
     </span>
     <span class='ocr_line' id='line_1_22' title="bbox 285 1590 1528 1643; baseline 0 -13"><span class='ocrx_word' id='word_1_147' title='bbox 285 1591 419 1638; x_wconf 79' lang='lat' dir='ltr'><strong>cibus,</strong></span> <span class='ocrx_word' id='word_1_148' title='bbox 441 1592 635 1630; x_wconf 83' lang='lat' dir='ltr'><strong>nimirum</strong></span> <span class='ocrx_word' id='word_1_149' title='bbox 655 1591 782 1629; x_wconf 90' lang='lat' dir='ltr'><strong>Fabio</strong></span> <span class='ocrx_word' id='word_1_150' title='bbox 802 1595 841 1629; x_wconf 91' lang='lat' dir='ltr'><strong>et</strong></span> <span class='ocrx_word' id='word_1_151' title='bbox 862 1590 1100 1643; x_wconf 87' lang='lat' dir='ltr'><strong>Sempronio</strong></span> <span class='ocrx_word' id='word_1_152' title='bbox 1122 1590 1377 1630; x_wconf 86' lang='lat' dir='ltr'><strong>consulibus.</strong></span> <span class='ocrx_word' id='word_1_153' title='bbox 1407 1592 1528 1630; x_wconf 89' lang='lat' dir='ltr'><strong>Nam-</strong></span> 
     </span>
     <span class='ocr_line' id='line_1_23' title="bbox 285 1643 1521 1709; baseline -0.001 -12"><span class='ocrx_word' id='word_1_154' title='bbox 285 1670 363 1709; x_wconf 87' lang='lat' dir='ltr'><strong>que</strong></span> <span class='ocrx_word' id='word_1_155' title='bbox 389 1657 538 1696; x_wconf 86' lang='lat' dir='ltr'><strong>scimus</strong></span> <span class='ocrx_word' id='word_1_156' title='bbox 569 1668 668 1696; x_wconf 88' lang='lat' dir='ltr'><strong>sane</strong></span> <span class='ocrx_word' id='word_1_157' title='bbox 697 1668 749 1695; x_wconf 81' lang='lat' dir='ltr'><strong>ex</strong></span> <span class='ocrx_word' id='word_1_158' title='bbox 778 1655 906 1703; x_wconf 88' lang='lat' dir='ltr'><strong>Livio,</strong></span> <span class='ocrx_word' id='word_1_159' title='bbox 941 1656 1016 1695; x_wconf 91' lang='lat' dir='ltr'><strong>sub</strong></span> <span class='ocrx_word' id='word_1_160' title='bbox 1040 1643 1102 1695; x_wconf 88' lang='grc' dir='ltr'><strong>Μ.</strong></span> <span class='ocrx_word' id='word_1_161' title='bbox 1141 1655 1265 1695; x_wconf 87' lang='lat' dir='ltr'><strong>Junio</strong></span> <span class='ocrx_word' id='word_1_162' title='bbox 1307 1656 1521 1703; x_wconf 82' lang='lat' dir='ltr'><strong>dictatore,</strong></span> 
     </span>
     <span class='ocr_line' id='line_1_24' title="bbox 285 1720 1527 1775; baseline -0.001 -12"><span class='ocrx_word' id='word_1_163' title='bbox 285 1726 450 1775; x_wconf 84' lang='lat' dir='ltr'><strong>praeter</strong></span> <span class='ocrx_word' id='word_1_164' title='bbox 468 1722 573 1762; x_wconf 90' lang='lat' dir='ltr'><strong>alius</strong></span> <span class='ocrx_word' id='word_1_165' title='bbox 595 1721 759 1774; x_wconf 84' lang='lat' dir='ltr'><strong>generis</strong></span> <span class='ocrx_word' id='word_1_166' title='bbox 776 1721 940 1768; x_wconf 83' lang='lat' dir='ltr'><strong>milites,</strong></span> <span class='ocrx_word' id='word_1_167' title='bbox 964 1722 1086 1762; x_wconf 86' lang='lat' dir='ltr'><strong>etiam</strong></span> <span class='ocrx_word' id='word_1_168' title='bbox 1106 1720 1277 1762; x_wconf 89' lang='lat' dir='ltr'><strong>volones</strong></span> <span class='ocrx_word' id='word_1_169' title='bbox 1296 1721 1422 1762; x_wconf 79' lang='lat' dir='ltr'><strong>fuisse</strong></span> <span class='ocrx_word' id='word_1_170' title='bbox 1444 1721 1527 1775; x_wconf 91' lang='lat' dir='ltr'><strong>(Di-</strong></span> 
     </span>
     <span class='ocr_line' id='line_1_25' title="bbox 285 1787 1522 1842; baseline -0.001 -13"><span class='ocrx_word' id='word_1_171' title='bbox 285 1792 418 1829; x_wconf 85' lang='lat' dir='ltr'><strong>ctator</strong></span> <span class='ocrx_word' id='word_1_172' title='bbox 438 1792 528 1842; x_wconf 88' lang='lat' dir='ltr'><strong>post</strong></span> <span class='ocrx_word' id='word_1_173' title='bbox 544 1800 724 1841; x_wconf 89' lang='lat' dir='ltr'><strong>pugnam</strong></span> <span class='ocrx_word' id='word_1_174' title='bbox 754 1787 1012 1828; x_wconf 87' lang='lat' dir='ltr'><strong>Cannensem</strong></span> <span class='ocrx_word' id='word_1_175' title='bbox 1038 1787 1249 1841; x_wconf 84' lang='lat' dir='ltr'><strong>profectus</strong></span> <span class='ocrx_word' id='word_1_176' title='bbox 1267 1788 1400 1828; x_wconf 89' lang='lat' dir='ltr'><strong>Roma</strong></span> <span class='ocrx_word' id='word_1_177' title='bbox 1429 1801 1522 1829; x_wconf 85' lang='lat' dir='ltr'><strong>oum</strong></span> 
     </span>
     <span class='ocr_line' id='line_1_26' title="bbox 286 1853 1525 1906; baseline 0 -13"><span class='ocrx_word' id='word_1_178' title='bbox 286 1854 443 1893; x_wconf 89' lang='lat' dir='ltr'><strong>duabus</strong></span> <span class='ocrx_word' id='word_1_179' title='bbox 482 1854 713 1906; x_wconf 83' lang='lat' dir='ltr'><strong>legionibus</strong></span> <span class='ocrx_word' id='word_1_180' title='bbox 743 1854 938 1899; x_wconf 86' lang='lat' dir='ltr'><strong>urbanis,</strong></span> <span class='ocrx_word' id='word_1_181' title='bbox 971 1866 1062 1892; x_wconf 90' lang='lat' dir='ltr'><strong>cum</strong></span> <span class='ocrx_word' id='word_1_182' title='bbox 1092 1853 1307 1893; x_wconf 87' lang='lat' dir='ltr'><strong>volonibus</strong></span> <span class='ocrx_word' id='word_1_183' title='bbox 1348 1854 1525 1905; x_wconf 87' lang='lat' dir='ltr'><strong>aliisque</strong></span> 
     </span>
     <span class='ocr_line' id='line_1_27' title="bbox 285 1917 1522 1972; baseline -0.001 -12"><span class='ocrx_word' id='word_1_184' title='bbox 285 1919 427 1972; x_wconf 87' lang='lat' dir='ltr'><strong>copiis,</strong></span> <span class='ocrx_word' id='word_1_185' title='bbox 460 1923 593 1959; x_wconf 88' lang='lat' dir='ltr'><strong>castra</strong></span> <span class='ocrx_word' id='word_1_186' title='bbox 622 1918 785 1959; x_wconf 86' lang='lat' dir='ltr'><strong>videtur</strong></span> <span class='ocrx_word' id='word_1_187' title='bbox 814 1918 994 1959; x_wconf 86' lang='lat' dir='ltr'><strong>locassse</strong></span> <span class='ocrx_word' id='word_1_188' title='bbox 1014 1919 1185 1971; x_wconf 91' lang='lat' dir='ltr'><strong>primum</strong></span> <span class='ocrx_word' id='word_1_189' title='bbox 1218 1917 1270 1958; x_wconf 91' lang='lat' dir='ltr'><strong>ad</strong></span> <span class='ocrx_word' id='word_1_190' title='bbox 1298 1918 1522 1959; x_wconf 89' lang='lat' dir='ltr'><strong>Casinum:</strong></span> 
     </span>
     <span class='ocr_line' id='line_1_28' title="bbox 286 1981 1525 2036; baseline 0 -13"><span class='ocrx_word' id='word_1_191' title='bbox 286 1984 342 2023; x_wconf 84' lang='lat' dir='ltr'><strong>cf.</strong></span> <span class='ocrx_word' id='word_1_192' title='bbox 364 1983 522 2023; x_wconf 90' lang='lat' dir='ltr'><strong>Livium</strong></span> <span class='ocrx_word' id='word_1_193' title='bbox 552 1983 734 2032; x_wconf 78' lang='lat'>23‚19‚3;</span> <span class='ocrx_word' id='word_1_194' title='bbox 761 1983 934 2036; x_wconf 90' lang='lat' dir='ltr'><strong>denique</strong></span> <span class='ocrx_word' id='word_1_195' title='bbox 956 1983 1007 2022; x_wconf 89' lang='lat' dir='ltr'><strong>ad</strong></span> <span class='ocrx_word' id='word_1_196' title='bbox 1026 1981 1241 2036; x_wconf 81' lang='lat' dir='ltr'><strong>Teanum&gt;3</strong></span> <span class='ocrx_word' id='word_1_197' title='bbox 1267 1983 1338 2022; x_wconf 88' lang='lat' dir='ltr'><strong>sed</strong></span> <span class='ocrx_word' id='word_1_198' title='bbox 1358 1983 1454 2036; x_wconf 88' lang='lat' dir='ltr'><strong>quid</strong></span> <span class='ocrx_word' id='word_1_199' title='bbox 1475 1985 1525 2023; x_wconf 92' lang='lat' dir='ltr'><strong>iis</strong></span> 
     </span>
     <span class='ocr_line' id='line_1_29' title="bbox 284 2047 1526 2100; baseline 0 -11"><span class='ocrx_word' id='word_1_200' title='bbox 284 2049 500 2089; x_wconf 86' lang='lat' dir='ltr'><strong>volonibus</strong></span> <span class='ocrx_word' id='word_1_201' title='bbox 521 2061 612 2089; x_wconf 89' lang='lat' dir='ltr'><strong>cum</strong></span> <span class='ocrx_word' id='word_1_202' title='bbox 632 2048 848 2088; x_wconf 89' lang='lat' dir='ltr'><strong>volonibus</strong></span> <span class='ocrx_word' id='word_1_203' title='bbox 863 2047 1104 2100; x_wconf 88' lang='lat' dir='ltr'><strong>Sempronii,</strong></span> <span class='ocrx_word' id='word_1_204' title='bbox 1126 2061 1252 2100; x_wconf 90' lang='lat' dir='ltr'><strong>quum</strong></span> <span class='ocrx_word' id='word_1_205' title='bbox 1273 2049 1399 2088; x_wconf 86' lang='lat' dir='ltr'><strong>verba</strong></span> <span class='ocrx_word' id='word_1_206' title='bbox 1416 2049 1526 2089; x_wconf 86' lang='lat' dir='ltr'><strong>Livii</strong></span> 
     </span>
     <span class='ocr_line' id='line_1_30' title="bbox 286 2113 1521 2167; baseline -0.001 -13"><span class='ocrx_word' id='word_1_207' title='bbox 286 2115 543 2167; x_wconf 87' lang='lat' dir='ltr'><strong>apertissime</strong></span> <span class='ocrx_word' id='word_1_208' title='bbox 558 2114 785 2160; x_wconf 88' lang='lat' dir='ltr'><strong>ostendant,</strong></span> <span class='ocrx_word' id='word_1_209' title='bbox 804 2115 1040 2152; x_wconf 86' lang='lat' dir='ltr'><strong>universum</strong></span> <span class='ocrx_word' id='word_1_210' title='bbox 1057 2113 1266 2153; x_wconf 87' lang='lat' dir='ltr'><strong>dictatoris</strong></span> <span class='ocrx_word' id='word_1_211' title='bbox 1280 2115 1521 2161; x_wconf 79' lang='lat' dir='ltr'><strong>exercitum,</strong></span> 
     </span>
     <span class='ocr_line' id='line_1_31' title="bbox 286 2178 1527 2231; baseline 0 -12"><span class='ocrx_word' id='word_1_212' title='bbox 286 2179 365 2219; x_wconf 88' lang='lat' dir='ltr'><strong>hoc</strong></span> <span class='ocrx_word' id='word_1_213' title='bbox 396 2182 457 2219; x_wconf 88' lang='lat' dir='ltr'><strong>est</strong></span> <span class='ocrx_word' id='word_1_214' title='bbox 486 2178 613 2218; x_wconf 90' lang='lat' dir='ltr'><strong>nullis</strong></span> <span class='ocrx_word' id='word_1_215' title='bbox 645 2178 827 2231; x_wconf 85' lang='lat' dir='ltr'><strong>exceptis</strong></span> <span class='ocrx_word' id='word_1_216' title='bbox 855 2178 1085 2226; x_wconf 86' lang='lat' dir='ltr'><strong>volonibus,</strong></span> <span class='ocrx_word' id='word_1_217' title='bbox 1116 2178 1243 2218; x_wconf 88' lang='lat' dir='ltr'><strong>Fabio</strong></span> <span class='ocrx_word' id='word_1_218' title='bbox 1274 2179 1432 2219; x_wconf 90' lang='lat' dir='ltr'><strong>consuli</strong></span> <span class='ocrx_word' id='word_1_219' title='bbox 1465 2183 1527 2219; x_wconf 89' lang='lat' dir='ltr'><strong>at-</strong></span> 
     </span>
     <span class='ocr_line' id='line_1_32' title="bbox 287 2234 1554 2296; baseline -0.001 -12"><span class='ocrx_word' id='word_1_220' title='bbox 287 2245 484 2285; x_wconf 79' lang='lat' dir='ltr'><strong>tributum</strong></span> <span class='ocrx_word' id='word_1_221' title='bbox 507 2244 662 2283; x_wconf 69' lang='lat' dir='ltr'><strong>fuisse?</strong></span> <span class='ocrx_word' id='word_1_222' title='bbox 681 2244 949 2296; x_wconf 87' lang='lat' dir='ltr'><strong>Apertissime</strong></span> <span class='ocrx_word' id='word_1_223' title='bbox 969 2244 1077 2283; x_wconf 90' lang='lat' dir='ltr'><strong>enim</strong></span> <span class='ocrx_word' id='word_1_224' title='bbox 1097 2247 1206 2295; x_wconf 82' lang='lat' dir='ltr'><strong>patet</strong></span> <span class='ocrx_word' id='word_1_225' title='bbox 1224 2244 1393 2283; x_wconf 86' lang='lat' dir='ltr'><strong>volones</strong></span> <span class='ocrx_word' id='word_1_226' title='bbox 1414 2235 1526 2284; x_wconf 86' lang='lat' dir='ltr'><strong>Sem-</strong></span> <span class='ocrx_word' id='word_1_227' title='bbox 1550 2234 1554 2237; x_wconf 39' lang='grc'>’</span> 
     </span>
     <span class='ocr_line' id='line_1_33' title="bbox 283 2309 1523 2364; baseline -0.001 -13"><span class='ocrx_word' id='word_1_228' title='bbox 283 2311 427 2364; x_wconf 89' lang='lat' dir='ltr'><strong>pronio</strong></span> <span class='ocrx_word' id='word_1_229' title='bbox 456 2310 584 2358; x_wconf 90' lang='lat' dir='ltr'><strong>datos,</strong></span> <span class='ocrx_word' id='word_1_230' title='bbox 607 2309 656 2350; x_wconf 91' lang='lat' dir='ltr'><strong>de</strong></span> <span class='ocrx_word' id='word_1_231' title='bbox 677 2310 822 2364; x_wconf 89' lang='lat' dir='ltr'><strong>quibus</strong></span> <span class='ocrx_word' id='word_1_232' title='bbox 843 2310 1058 2351; x_wconf 90' lang='lat' dir='ltr'><strong>volonibus</strong></span> <span class='ocrx_word' id='word_1_233' title='bbox 1083 2313 1145 2350; x_wconf 90' lang='lat' dir='ltr'><strong>est</strong></span> <span class='ocrx_word' id='word_1_234' title='bbox 1165 2321 1301 2350; x_wconf 89' lang='lat' dir='ltr'><strong>sermo</strong></span> <span class='ocrx_word' id='word_1_235' title='bbox 1323 2309 1366 2349; x_wconf 91' lang='lat' dir='ltr'><strong>in</strong></span> <span class='ocrx_word' id='word_1_236' title='bbox 1390 2309 1523 2350; x_wconf 77' lang='lat' dir='ltr'><strong>verbis</strong></span> 
     </span>
     <span class='ocr_line' id='line_1_34' title="bbox 282 2377 1523 2430; baseline -0.001 -14"><span class='ocrx_word' id='word_1_237' title='bbox 282 2378 403 2426; x_wconf 87' lang='lat' dir='ltr'><strong>Livii,</strong></span> <span class='ocrx_word' id='word_1_238' title='bbox 435 2389 539 2430; x_wconf 89' lang='lat' dir='ltr'><strong>quae</strong></span> <span class='ocrx_word' id='word_1_239' title='bbox 569 2377 788 2417; x_wconf 86' lang='lat' dir='ltr'><strong>emendare</strong></span> <span class='ocrx_word' id='word_1_240' title='bbox 827 2378 1093 2430; x_wconf 88' lang='lat' dir='ltr'><strong>suscepimus,</strong></span> <span class='ocrx_word' id='word_1_241' title='bbox 1124 2377 1309 2416; x_wconf 86' lang='lat' dir='ltr'><strong>diversos</strong></span> <span class='ocrx_word' id='word_1_242' title='bbox 1353 2388 1523 2428; x_wconf 90' lang='lat' dir='ltr'><strong>prorsus</strong></span> 
     </span>
     <span class='ocr_line' id='line_1_35' title="bbox 285 2440 1539 2497; baseline -0.002 -14"><span class='ocrx_word' id='word_1_243' title='bbox 285 2455 375 2484; x_wconf 91' lang='lat' dir='ltr'><strong>esse</strong></span> <span class='ocrx_word' id='word_1_244' title='bbox 405 2446 595 2497; x_wconf 85' lang='lat' dir='ltr'><strong>oportere</strong></span> <span class='ocrx_word' id='word_1_245' title='bbox 616 2443 701 2484; x_wconf 88' lang='lat' dir='ltr'><strong>istis</strong></span> <span class='ocrx_word' id='word_1_246' title='bbox 720 2443 950 2491; x_wconf 86' lang='lat' dir='ltr'><strong>volonibus,</strong></span> <span class='ocrx_word' id='word_1_247' title='bbox 969 2443 1036 2497; x_wconf 86' lang='lat' dir='ltr'><strong>qui</strong></span> <span class='ocrx_word' id='word_1_248' title='bbox 1058 2443 1137 2483; x_wconf 89' lang='lat' dir='ltr'><strong>iam</strong></span> <span class='ocrx_word' id='word_1_249' title='bbox 1158 2440 1424 2495; x_wconf 86' lang='lat' dir='ltr'><strong>aliquamdiu,</strong></span> <span class='ocrx_word' id='word_1_250' title='bbox 1449 2441 1539 2481; x_wconf 47' lang='lat' dir='ltr'><strong>scia</strong></span> 
     </span>
    </p>
   </div>
   <div class='ocr_carea' id='block_1_5' title="bbox 1596 0 1815 2973">
    <p class='ocr_par' dir='ltr' id='par_1_6' title="bbox 1596 0 1815 2973">
     <span class='ocr_line' id='line_1_36' title="bbox 1596 0 1815 2973; baseline 0 0"><span class='ocrx_word' id='word_1_251' title='bbox 1596 0 1815 2973; x_wconf 95' lang='lat' dir='ltr'><strong> </strong></span> 
     </span>
    </p>
   </div>
  </div>
 </body>
</html>
