1815 2973
0 675 43 708 32?
70 692 76 699 ,

0 707 40 727 ῑ-ἴψ
77 723 79 725 .

0 728 49 777 ἕρ
78 741 80 743 ’

0 838 11 856 ἴ

0 857 8 864 ,

0 889 4 898 ,

703 161 750 186 An
772 161 960 198 carmanum
980 152 1035 193 29,
1052 153 1095 185 20
1220 158 1223 163 “
1433 152 1476 184 27

285 229 395 270 bulas
419 228 615 266 columbus>
637 233 700 266 aut
723 229 927 267 Adoneus?
951 249 1000 257 —
1024 229 1183 267 Cinaede
1219 228 1391 273 Romule,
1429 228 1519 264 haec

283 287 428 326 videbis
453 293 491 326 et
514 289 632 327 feres?
657 309 706 318 —
737 291 788 328 Es
813 290 1016 338 impudicus
1047 294 1085 327 et
1121 301 1242 327 vorax
1279 293 1318 326 et
1351 288 1442 326 aleo.
1469 308 1520 317 —

229 341 234 346 ’
284 348 385 386 Eone
409 350 553 386 nomine
578 350 781 400 imperator
797 350 904 388 unice
916 370 964 378 —
980 350 1101 388 Fuisti
1117 351 1154 386 in
1172 349 1302 387 ultima
1319 348 1518 386 occidentis

283 408 405 445 insula
428 429 477 436 —
500 411 551 446 Ut
575 410 646 446 ista
682 403 809 446 vostra
847 410 1016 447 defututa
1049 410 1220 446 Mentula
1244 429 1294 450 —
1318 410 1518 445 Ducenties

285 471 464 505 comesset
489 472 564 521 aut·
575 468 798 507 trecenties?
823 488 871 497 -
903 469 1000 511 Quid
1025 473 1081 507 est
1106 469 1180 506 alid
1209 469 1356 506 sinistra
1379 468 1518 505 libera-

283 529 396 566 litas?
421 548 470 556 —
494 530 632 566 Parum
650 531 860 576 expatravit
885 542 928 566 an
954 542 1085 577 parum
1111 530 1255 567 eluatus
1281 531 1363 566 est?
1379 548 1429 556 —
1444 529 1517 565 Pa-

283 591 388 623 terna
412 589 533 635 prima
557 588 743 624 lancinata
768 592 852 624 sunt
875 590 988 624 bona:
1005 609 1051 615 —
1071 589 1239 625 Secunda
1264 590 1403 635 praeda
1420 590 1514 624 Pon-

281 647 379 683 tica:
404 647 489 683 inde
506 648 614 684 tertia
627 667 676 675 —
688 648 838 694 Hibera,
858 659 967 694 quam
993 649 1061 685 scit
1086 649 1201 685 amnis
1219 648 1358 685 aurifer
1377 649 1514 695 Tagus.

281 712 329 733 ·—'-
346 706 460 742 Hune
477 707 624 742 Galliae
640 708 773 743 timent
791 712 827 742 et
843 708 1095 743 Britanniae.
1118 721 1136 740 »

335 810 461 849 Vides
503 822 666 849 versum
711 811 872 862 qualem
914 823 1005 850 eum
1036 813 1202 851 exhibet
1231 814 1404 864 optimus
1433 814 1512 851 Da-

280 878 417 914 tanus.
449 875 496 914 In
525 876 722 914 Laurenti
750 874 926 923 Santoni,
966 888 1093 927 aeque
1123 877 1230 916 bono
1260 876 1410 923 codice,
1443 889 1513 916 ex-

280 942 361 979 stat
401 939 533 980 timet.
581 940 740 979 Versus
785 944 847 979 est
890 940 1106 980 manifesto
1136 945 1366 993 corruptus,
1399 946 1512 980 caret

282 1005 392 1045 enim
420 1000 609 1057 syI‘laba.¹

386 1070 438 1110 Π.
471 1072 652 1111 Versum
680 1083 754 1123 pro
784 1073 922 1124 spurio
946 1073 1105 1111 habent
1133 1072 1332 1123 Scaliger,
1364 1073 1510 1112 Corra-

277 1135 398 1176 dinus
427 1137 487 1175 De
515 1136 647 1184 Allio,
677 1137 882 1184 Barthius,
926 1138 1176 1190 WagneruS,
1216 1138 1250 1176 si
1288 1138 1392 1177 bene
1426 1150 1509 1176 me-

276 1202 387 1247 mini;
407 1201 586 1241 fortasse
602 1206 642 1241 et
657 1202 727 1240 alii
739 1203 808 1253 qui
822 1204 866 1241 in
880 1204 1115 1254 praesentia
1130 1202 1231 1241 mihi
1246 1215 1329 1241 non
1344 1214 1510 1241 succur-

276 1270 387 1306 runt.
405 1267 528 1306 Falso
542 1271 680 1306 tamen
697 1279 788 1306 eum
804 1280 876 1320 pro
893 1267 1030 1319 spurio
1046 1266 1253 1312 damnant,
1266 1271 1312 1307 ut
1327 1268 1508 1319 probabo

275 1332 344 1375 ubi
372 1333 546 1384 primum
567 1332 617 1371 de
635 1336 815 1383 tempore
835 1332 991 1379 dixero,
1013 1345 1090 1384 quo
1111 1345 1277 1372 carmen
1293 1336 1508 1372 exaratum

275 1396 414 1436 fuerit.
438 1396 601 1437 Mortua
615 1397 739 1444 Julia,
763 1410 882 1448 quam
900 1397 1032 1437 Julius
1060 1398 1213 1438 Caesar
1241 1402 1357 1450 pater
1382 1399 1510 1437 Pom-

274 1463 365 1513 peio
375 1461 657 1513 desponderat,
670 1463 824 1501 inimici
841 1463 940 1502 facti
956 1467 1050 1502 sunt
1066 1475 1182 1502 socer
1198 1466 1237 1500 et
1252 1474 1394 1514 gener,
1416 1475 1510 1501 mox

274 1526 413 1566 hostes
444 1527 595 1574 futuri3
627 1532 788 1568 mortua
815 1540 863 1568 ea
892 1531 1027 1568 autem
1056 1531 1118 1567 est
1147 1539 1256 1567 anno
1270 1540 1310 1567 U.
1335 1539 1371 1568 c.
1390 1528 1504 1572 DCC;

275 1594 467 1643 quocirca
489 1606 656 1632 carmen
679 1593 776 1633 ante
795 1595 905 1633 hunc
925 1606 1079 1633 annum
1113 1595 1274 1645 scripsit
1307 1593 1505 1639 Catullus,

274 1658 342 1710 qui
360 1658 405 1696 in
425 1658 615 1698 versibus
634 1658 688 1698 23
703 1662 744 1698 et
757 1658 811 1699 24
831 1670 900 1699 eos
920 1663 1125 1711 tamquam
1141 1659 1252 1699 inter
1268 1671 1310 1697 se
1330 1659 1507 1698 amicitia

272 1724 482 1763 etiamtum
512 1725 749 1764 coniunctos
773 1724 1066 1777 compellat.In
1087 1724 1343 1764 Britanniam
1373 1727 1507 1764 autem

271 1800 391 1840 quum
406 1790 580 1842 primum
591 1788 866 1829 descendisset
880 1789 1033 1829 Caesar
1047 1801 1154 1829 anno
1162 1789 1505 1835 DCLXXXXIX,

270 1867 451 1902 carmen,
482 1856 675 1907 scriptum
703 1859 914 1907 postquam
943 1857 986 1895 in
1016 1856 1196 1895 insulam
1215 1856 1330 1894 illam
1352 1856 1508 1912 Caesar

269 1922 544 1972 transgressus
571 1919 731 1968 fuerat,
769 1919 1006 1974 (Mamurra
1040 1921 1160 1968 enim,
1204 1921 1248 1959 in
1288 1932 1406 1973 quem
1447 1924 1505 1959 est

267 1986 512 2035 praesertim
541 1989 671 2025 totum
705 1997 882 2033 carmen,
926 1987 1005 2025 iam
1049 1987 1095 2025 in'
1137 1985 1299 2025 divitias
1337 1976 1504 2024 'insulae

267 2053 477 2101 grassatus
507 2053 598 2090 erat
625 2055 697 2091 aut
724 2055 992 2104 grassaturus
1020 2051 1235 2091 videbatur
1277 2049 1381 2104 esse)
1411 2062 1505 2103 per·

267 2115 369 2154 tinet
396 2114 448 2154 ad
475 2119 634 2168 tempus
656 2116 763 2169 quod
783 2118 893 2157 inter
912 2116 1036 2157 finem
1055 2117 1154 2156 anni
1173 2115 1500 2156 DCLXXXXIX

269 2184 309 2220 et
321 2181 564 2233 principium
579 2183 681 2221 anni
692 2183 946 2236 insequentis
962 2181 1136 2224 effluxit.
1149 2183 1262 2229 Quae
1277 2181 1412 2221 omnia
1422 2181 1504 2221 iam

270 2245 428 2297 pridem
457 2249 643 2286 constant
669 2247 802 2287 ferme
830 2249 939 2287 inter
971 2260 1127 2288 omnes.

333 2311 456 2351 Nunc
482 2311 608 2351 redeo
623 2311 676 2352 ad
689 2312 781 2353 illos
797 2325 897 2365 quos
913 2312 1029 2353 modo
1039 2313 1183 2353 reiecti
1197 2312 1352 2352 iniuria
1365 2323 1509 2352 versus

270 2375 493 2427 arguimus.
526 2377 660 2416 Meam
702 2377 812 2416 enim
841 2378 1084 2417 sententiam
1113 2381 1156 2417 ut
1185 2389 1304 2430 quam
1343 2378 1504 2416 brevis-
