<?xml version="1.0" encoding="UTF-8"?>
<!DOCTYPE html PUBLIC "-//W3C//DTD XHTML 1.0 Transitional//EN"
    "http://www.w3.org/TR/xhtml1/DTD/xhtml1-transitional.dtd">
<html xmlns="http://www.w3.org/1999/xhtml" xml:lang="en" lang="en">
 <head>
  <title>
</title>
<meta http-equiv="Content-Type" content="text/html;charset=utf-8" />
  <meta name='ocr-system' content='tesseract 3.04.00' />
  <meta name='ocr-capabilities' content='ocr_page ocr_carea ocr_par ocr_line ocrx_word'/>
</head>
<body>
  <div class='ocr_page' id='page_1' title='image "4737923_0023.png"; bbox 0 0 1815 2973; ppageno 0'>
   <div class='ocr_carea' id='block_1_1' title="bbox 617 148 1466 217">
    <p class='ocr_par' dir='ltr' id='par_1_1' title="bbox 617 144 1466 217">
     <span class='ocr_line' id='line_1_1' title="bbox 617 148 1466 217; baseline 0.002 -11"><span class='ocrx_word' id='word_1_1' title='bbox 617 180 624 184; x_wconf 91' lang='lat'><em>·</em></span> <span class='ocrx_word' id='word_1_2' title='bbox 664 196 670 202; x_wconf 37' lang='lat' dir='ltr'><strong><em>s</em></strong></span> <span class='ocrx_word' id='word_1_3' title='bbox 695 181 742 206; x_wconf 72' lang='lat' dir='ltr'>u&gt;</span> <span class='ocrx_word' id='word_1_4' title='bbox 762 176 948 212; x_wconf 68' lang='lat' dir='ltr'>cunnum</span> <span class='ocrx_word' id='word_1_5' title='bbox 969 172 1106 217; x_wconf 76' lang='lat'><strong>2,7-8</strong></span> <span class='ocrx_word' id='word_1_6' title='bbox 1131 186 1133 191; x_wconf 55' lang='lat'><em>2</em></span> <span class='ocrx_word' id='word_1_7' title='bbox 1172 148 1174 150; x_wconf 27' lang='grc'><em>“</em></span> <span class='ocrx_word' id='word_1_8' title='bbox 1242 163 1246 167; x_wconf 75' lang='grc'><strong>’</strong></span> <span class='ocrx_word' id='word_1_9' title='bbox 1307 204 1310 206; x_wconf 96' lang='grc'>.</span> <span class='ocrx_word' id='word_1_10' title='bbox 1426 174 1466 209; x_wconf 81' lang='lat'>13</span> 
     </span>
    </p>
   </div>
   <div class='ocr_carea' id='block_1_2' title="bbox 214 234 1510 374">
    <p class='ocr_par' dir='ltr' id='par_1_2' title="bbox 203 234 1510 374">
     <span class='ocr_line' id='line_1_2' title="bbox 271 234 1510 313; baseline -0.002 -19.104"><span class='ocrx_word' id='word_1_11' title='bbox 271 243 420 313; x_wconf 49' lang='lat' dir='ltr'>aetate</span> <span class='ocrx_word' id='word_1_12' title='bbox 447 262 567 305; x_wconf 84' lang='lat' dir='ltr'>quam</span> <span class='ocrx_word' id='word_1_13' title='bbox 609 241 951 302; x_wconf 57' lang='lat' dir='ltr'>vocant,&#39;”ardor*</span> <span class='ocrx_word' id='word_1_14' title='bbox 972 234 1013 292; x_wconf 81' lang='lat' dir='ltr'>et</span> <span class='ocrx_word' id='word_1_15' title='bbox 1041 251 1160 304; x_wconf 73' lang='lat' dir='ltr'>iynis</span> <span class='ocrx_word' id='word_1_16' title='bbox 1187 251 1255 306; x_wconf 83' lang='lat' dir='ltr'>vel</span> <span class='ocrx_word' id='word_1_17' title='bbox 1284 242 1413 304; x_wconf 57' lang='grc' dir='ltr'>ἕρπω</span> <span class='ocrx_word' id='word_1_18' title='bbox 1431 263 1510 304; x_wconf 86' lang='lat' dir='ltr'>pro</span> 
     </span>
     <span class='ocr_line' id='line_1_3' title="bbox 214 313 1504 374; baseline -0.002 -15"><span class='ocrx_word' id='word_1_19' title='bbox 214 313 219 359; x_wconf 63' lang='grc' dir='ltr'>ᾖ</span> <span class='ocrx_word' id='word_1_20' title='bbox 269 329 420 374; x_wconf 67' lang='lat' dir='ltr'>amore</span> <span class='ocrx_word' id='word_1_21' title='bbox 445 317 673 370; x_wconf 88' lang='lat' dir='ltr'>promiscue</span> <span class='ocrx_word' id='word_1_22' title='bbox 701 321 899 370; x_wconf 84' lang='lat' dir='ltr'>usurpata</span> <span class='ocrx_word' id='word_1_23' title='bbox 927 320 1036 359; x_wconf 89' lang='lat' dir='ltr'>sunt.</span> <span class='ocrx_word' id='word_1_24' title='bbox 1066 318 1200 370; x_wconf 52' lang='lat' dir='ltr'>Iynisz.</span> <span class='ocrx_word' id='word_1_25' title='bbox 1231 320 1278 358; x_wconf 92' lang='lat' dir='ltr'>ut</span> <span class='ocrx_word' id='word_1_26' title='bbox 1296 329 1423 357; x_wconf 91' lang='lat' dir='ltr'>unum</span> <span class='ocrx_word' id='word_1_27' title='bbox 1450 329 1504 356; x_wconf 84' lang='lat' dir='ltr'>ex</span> 
     </span>
    </p>
   </div>
   <div class='ocr_carea' id='block_1_3' title="bbox 205 380 1511 435">
    <p class='ocr_par' dir='ltr' id='par_1_3' title="bbox 205 380 1511 435">
     <span class='ocr_line' id='line_1_4' title="bbox 205 380 1511 435; baseline -0.002 -12"><span class='ocrx_word' id='word_1_28' title='bbox 205 390 211 398; x_wconf 82' lang='grc'><em>’</em></span> <span class='ocrx_word' id='word_1_29' title='bbox 237 404 246 413; x_wconf 88' lang='grc'>--</span> <span class='ocrx_word' id='word_1_30' title='bbox 272 383 410 423; x_wconf 86' lang='lat' dir='ltr'>multis</span> <span class='ocrx_word' id='word_1_31' title='bbox 429 380 610 429; x_wconf 81' lang='lat' dir='ltr'>afferam,</span> <span class='ocrx_word' id='word_1_32' title='bbox 632 381 760 421; x_wconf 83' lang='lat' dir='ltr'>habes</span> <span class='ocrx_word' id='word_1_33' title='bbox 782 382 889 434; x_wconf 86' lang='lat' dir='ltr'>apud</span> <span class='ocrx_word' id='word_1_34' title='bbox 906 383 1028 435; x_wconf 80' lang='lat' dir='ltr'>virg.</span> <span class='ocrx_word' id='word_1_35' title='bbox 1046 383 1121 423; x_wconf 91' lang='lat' dir='ltr'>ecl.</span> <span class='ocrx_word' id='word_1_36' title='bbox 1140 382 1240 430; x_wconf 89' lang='lat'><strong>3,66</strong></span> <span class='ocrx_word' id='word_1_37' title='bbox 1259 385 1381 434; x_wconf 83' lang='lat' dir='ltr'>atque</span> <span class='ocrx_word' id='word_1_38' title='bbox 1402 381 1511 434; x_wconf 87' lang='lat' dir='ltr'>apud</span> 
     </span>
    </p>
   </div>
   <div class='ocr_carea' id='block_1_4' title="bbox 0 0 254 2973">
    <p class='ocr_par' dir='ltr' id='par_1_4' title="bbox 0 0 254 2973">
     <span class='ocr_line' id='line_1_5' title="bbox 0 0 254 2973; baseline 0 0"><span class='ocrx_word' id='word_1_39' title='bbox 0 0 254 2973; x_wconf 95' lang='lat' dir='ltr'> </span> 
     </span>
    </p>
   </div>
   <div class='ocr_carea' id='block_1_5' title="bbox 225 438 1508 560">
    <p class='ocr_par' dir='ltr' id='par_1_5' title="bbox 160 438 1508 560">
     <span class='ocr_line' id='line_1_6' title="bbox 231 438 1508 499; baseline -0.001 -11.105"><span class='ocrx_word' id='word_1_40' title='bbox 231 438 530 499; x_wconf 74' lang='lat' dir='ltr'>¹Propertium</span> <span class='ocrx_word' id='word_1_41' title='bbox 558 446 731 493; x_wconf 81' lang='lat'>2,33,43.</span> <span class='ocrx_word' id='word_1_42' title='bbox 771 444 980 487; x_wconf 73' lang='lat' dir='ltr'>Arderem</span> <span class='ocrx_word' id='word_1_43' title='bbox 1009 448 1052 486; x_wconf 90' lang='lat' dir='ltr'>in</span> <span class='ocrx_word' id='word_1_44' title='bbox 1086 446 1259 499; x_wconf 88' lang='lat' dir='ltr'>quodam</span> <span class='ocrx_word' id='word_1_45' title='bbox 1295 447 1508 499; x_wconf 77' lang='lat' dir='ltr'>Sulpiciae</span> 
     </span>
     <span class='ocr_line' id='line_1_7' title="bbox 225 510 828 560; baseline -0.003 -6"><span class='ocrx_word' id='word_1_46' title='bbox 225 548 230 554; x_wconf 93' lang='lat'>.</span> <span class='ocrx_word' id='word_1_47' title='bbox 271 512 455 554; x_wconf 84' lang='lat' dir='ltr'><strong>carmine</strong></span> <span class='ocrx_word' id='word_1_48' title='bbox 483 510 632 560; x_wconf 87' lang='lat' dir='ltr'>Tibull.</span> <span class='ocrx_word' id='word_1_49' title='bbox 661 510 828 559; x_wconf 83' lang='lat'><strong>4‚12,6:</strong></span> 
     </span>
    </p>
   </div>
   <div class='ocr_carea' id='block_1_6' title="bbox 454 598 1312 647">
    <p class='ocr_par' dir='ltr' id='par_1_6' title="bbox 454 598 1312 647">
     <span class='ocr_line' id='line_1_8' title="bbox 454 598 1312 647; baseline -0.001 -13"><span class='ocrx_word' id='word_1_50' title='bbox 454 613 473 634; x_wconf 62' lang='grc' dir='ltr'>ιι</span> <span class='ocrx_word' id='word_1_51' title='bbox 488 598 679 635; x_wconf 80' lang='lat' dir='ltr'>Ardorem</span> <span class='ocrx_word' id='word_1_52' title='bbox 705 599 854 647; x_wconf 86' lang='lat' dir='ltr'>cupiens</span> <span class='ocrx_word' id='word_1_53' title='bbox 879 599 1110 635; x_wconf 88' lang='lat' dir='ltr'>dissimulare</span> <span class='ocrx_word' id='word_1_54' title='bbox 1137 611 1271 636; x_wconf 87' lang='lat' dir='ltr'>meum.</span> <span class='ocrx_word' id='word_1_55' title='bbox 1293 613 1312 633; x_wconf 85' lang='lat'><strong>»</strong></span> 
     </span>
    </p>
   </div>
   <div class='ocr_carea' id='block_1_7' title="bbox 301 677 723 746">
    <p class='ocr_par' dir='ltr' id='par_1_7' title="bbox 301 677 723 746">
     <span class='ocr_line' id='line_1_9' title="bbox 301 677 723 746; baseline -0.005 -14"><span class='ocrx_word' id='word_1_56' title='bbox 301 743 304 746; x_wconf 14' lang='lat'><strong>⁴</strong></span> <span class='ocrx_word' id='word_1_57' title='bbox 322 677 444 732; x_wconf 65' lang='lat' dir='ltr'>hvid.</span> <span class='ocrx_word' id='word_1_58' title='bbox 475 691 572 731; x_wconf 84' lang='lat' dir='ltr'>Met.</span> <span class='ocrx_word' id='word_1_59' title='bbox 603 691 723 737; x_wconf 88' lang='lat'><strong>7,76:</strong></span> 
     </span>
    </p>
   </div>
   <div class='ocr_carea' id='block_1_8' title="bbox 371 777 1436 824">
    <p class='ocr_par' dir='ltr' id='par_1_8' title="bbox 371 777 1436 824">
     <span class='ocr_line' id='line_1_10' title="bbox 371 777 1436 824; baseline 0.002 -12"><span class='ocrx_word' id='word_1_60' title='bbox 371 792 390 812; x_wconf 81' lang='lat'>«</span> <span class='ocrx_word' id='word_1_61' title='bbox 408 780 456 814; x_wconf 89' lang='lat' dir='ltr'>Et</span> <span class='ocrx_word' id='word_1_62' title='bbox 479 778 552 813; x_wconf 91' lang='lat' dir='ltr'>iam</span> <span class='ocrx_word' id='word_1_63' title='bbox 578 778 683 813; x_wconf 83' lang='lat' dir='ltr'>fortis</span> <span class='ocrx_word' id='word_1_64' title='bbox 707 781 799 823; x_wconf 88' lang='lat' dir='ltr'>erat,</span> <span class='ocrx_word' id='word_1_65' title='bbox 825 778 1025 824; x_wconf 83' lang='lat' dir='ltr'>pulsusque</span> <span class='ocrx_word' id='word_1_66' title='bbox 1049 779 1239 814; x_wconf 83' lang='lat' dir='ltr'>resederat</span> <span class='ocrx_word' id='word_1_67' title='bbox 1265 777 1400 814; x_wconf 86' lang='lat' dir='ltr'>ardor.</span> <span class='ocrx_word' id='word_1_68' title='bbox 1416 790 1436 814; x_wconf 82' lang='grc'>)&gt;</span> 
     </span>
    </p>
   </div>
   <div class='ocr_carea' id='block_1_9' title="bbox 329 868 763 923">
    <p class='ocr_par' dir='ltr' id='par_1_9' title="bbox 329 868 763 923">
     <span class='ocr_line' id='line_1_11' title="bbox 329 868 763 923; baseline -0.005 -14"><span class='ocrx_word' id='word_1_69' title='bbox 329 869 446 909; x_wconf 89' lang='lat' dir='ltr'>Ovid.</span> <span class='ocrx_word' id='word_1_70' title='bbox 469 869 564 908; x_wconf 85' lang='lat' dir='ltr'>Met.</span> <span class='ocrx_word' id='word_1_71' title='bbox 596 868 763 923; x_wconf 71' lang='lat'>14,683;</span> 
     </span>
    </p>
   </div>
   <div class='ocr_carea' id='block_1_10' title="bbox 492 954 1270 1051">
    <p class='ocr_par' dir='ltr' id='par_1_10' title="bbox 492 954 1270 1051">
     <span class='ocr_line' id='line_1_12' title="bbox 492 954 1270 1001; baseline -0.001 -11"><span class='ocrx_word' id='word_1_72' title='bbox 492 968 517 997; x_wconf 57' lang='grc' dir='ltr'>«ς</span> <span class='ocrx_word' id='word_1_73' title='bbox 532 970 547 990; x_wconf 68' lang='grc'>.’</span> <span class='ocrx_word' id='word_1_74' title='bbox 557 979 721 992; x_wconf 88' lang='grc'><strong>.......</strong></span> <span class='ocrx_word' id='word_1_75' title='bbox 741 959 779 989; x_wconf 84' lang='lat' dir='ltr'>tu</span> <span class='ocrx_word' id='word_1_76' title='bbox 805 954 949 1001; x_wconf 84' lang='lat' dir='ltr'>primus</span> <span class='ocrx_word' id='word_1_77' title='bbox 975 958 1013 990; x_wconf 87' lang='lat' dir='ltr'>et</span> <span class='ocrx_word' id='word_1_78' title='bbox 1038 954 1190 990; x_wconf 88' lang='lat' dir='ltr'>ultimus</span> <span class='ocrx_word' id='word_1_79' title='bbox 1215 954 1270 989; x_wconf 83' lang='lat' dir='ltr'>illi</span> 
     </span>
     <span class='ocr_line' id='line_1_13' title="bbox 528 1013 1110 1051; baseline 0 -2"><span class='ocrx_word' id='word_1_80' title='bbox 528 1013 661 1050; x_wconf 84' lang='lat' dir='ltr'>Ardor</span> <span class='ocrx_word' id='word_1_81' title='bbox 678 1014 752 1050; x_wconf 89' lang='lat' dir='ltr'>eris</span> <span class='ocrx_word' id='word_1_82' title='bbox 766 1040 898 1051; x_wconf 89' lang='grc'><strong>......</strong></span> <span class='ocrx_word' id='word_1_83' title='bbox 917 1040 927 1048; x_wconf 92' lang='grc'>.</span> <span class='ocrx_word' id='word_1_84' title='bbox 945 1040 1071 1051; x_wconf 89' lang='grc'><strong>.....</strong></span> <span class='ocrx_word' id='word_1_85' title='bbox 1092 1026 1110 1049; x_wconf 84' lang='lat'><strong>»</strong></span> 
     </span>
    </p>
   </div>
   <div class='ocr_carea' id='block_1_11' title="bbox 220 1094 1510 1659">
    <p class='ocr_par' dir='ltr' id='par_1_11' title="bbox 220 1094 1500 1208">
     <span class='ocr_line' id='line_1_14' title="bbox 272 1094 1500 1146; baseline 0.001 -12"><span class='ocrx_word' id='word_1_86' title='bbox 272 1099 312 1134; x_wconf 83' lang='lat' dir='ltr'>et</span> <span class='ocrx_word' id='word_1_87' title='bbox 343 1095 576 1146; x_wconf 87' lang='lat' dir='ltr'>saepissime</span> <span class='ocrx_word' id='word_1_88' title='bbox 605 1094 710 1146; x_wconf 91' lang='lat' dir='ltr'>apud</span> <span class='ocrx_word' id='word_1_89' title='bbox 738 1095 922 1145; x_wconf 81' lang='lat' dir='ltr'>Propert.</span> <span class='ocrx_word' id='word_1_90' title='bbox 944 1094 1099 1142; x_wconf 82' lang='lat'>1,7,24.</span> <span class='ocrx_word' id='word_1_91' title='bbox 1116 1095 1298 1142; x_wconf 78' lang='lat'>1,10,10.</span> <span class='ocrx_word' id='word_1_92' title='bbox 1321 1094 1500 1142; x_wconf 72' lang='lat'>1‚13,28.</span> 
     </span>
     <span class='ocr_line' id='line_1_15' title="bbox 220 1150 695 1208; baseline -0.004 -8"><span class='ocrx_word' id='word_1_93' title='bbox 220 1150 224 1153; x_wconf 74' lang='grc'>’</span> <span class='ocrx_word' id='word_1_94' title='bbox 273 1159 420 1208; x_wconf 81' lang='lat'>1,20‚6.</span> <span class='ocrx_word' id='word_1_95' title='bbox 453 1159 584 1207; x_wconf 85' lang='lat'><strong>3,5,31</strong></span> <span class='ocrx_word' id='word_1_96' title='bbox 616 1163 695 1199; x_wconf 84' lang='lat' dir='ltr'>etc.</span> 
     </span>
    </p>

    <p class='ocr_par' dir='ltr' id='par_1_12' title="bbox 270 1225 1510 1659">
     <span class='ocr_line' id='line_1_16' title="bbox 330 1225 1510 1276; baseline 0 -12"><span class='ocrx_word' id='word_1_97' title='bbox 330 1225 409 1264; x_wconf 88' lang='lat' dir='ltr'>Sed</span> <span class='ocrx_word' id='word_1_98' title='bbox 436 1236 598 1272; x_wconf 90' lang='lat' dir='ltr'>rursus,</span> <span class='ocrx_word' id='word_1_99' title='bbox 621 1236 699 1263; x_wconf 88' lang='lat' dir='ltr'>nec</span> <span class='ocrx_word' id='word_1_100' title='bbox 719 1236 859 1263; x_wconf 87' lang='lat' dir='ltr'>omnes</span> <span class='ocrx_word' id='word_1_101' title='bbox 891 1225 1067 1276; x_wconf 86' lang='lat' dir='ltr'>vestigia</span> <span class='ocrx_word' id='word_1_102' title='bbox 1098 1230 1285 1264; x_wconf 85' lang='lat' dir='ltr'>veterum</span> <span class='ocrx_word' id='word_1_103' title='bbox 1318 1225 1510 1264; x_wconf 84' lang='lat' dir='ltr'>deserue-</span> 
     </span>
     <span class='ocr_line' id='line_1_17' title="bbox 275 1278 1506 1340; baseline 0 -12"><span class='ocrx_word' id='word_1_104' title='bbox 275 1293 404 1329; x_wconf 87' lang='lat' dir='ltr'>runt:</span> <span class='ocrx_word' id='word_1_105' title='bbox 435 1300 558 1340; x_wconf 86' lang='lat' dir='ltr'>quum</span> <span class='ocrx_word' id='word_1_106' title='bbox 588 1290 695 1327; x_wconf 88' lang='lat' dir='ltr'>enim</span> <span class='ocrx_word' id='word_1_107' title='bbox 724 1289 886 1328; x_wconf 90' lang='lat' dir='ltr'>curiose</span> <span class='ocrx_word' id='word_1_108' title='bbox 915 1288 964 1328; x_wconf 94' lang='lat' dir='ltr'>de</span> <span class='ocrx_word' id='word_1_109' title='bbox 992 1287 1071 1327; x_wconf 90' lang='lat' dir='ltr'>hac</span> <span class='ocrx_word' id='word_1_110' title='bbox 1100 1300 1147 1327; x_wconf 91' lang='lat' dir='ltr'>re</span> <span class='ocrx_word' id='word_1_111' title='bbox 1165 1278 1425 1339; x_wconf 74' lang='lat' dir='ltr'>inquisissem</span> <span class='ocrx_word' id='word_1_112' title='bbox 1445 1290 1506 1328; x_wconf 90' lang='lat' dir='ltr'>in·</span> 
     </span>
     <span class='ocr_line' id='line_1_18' title="bbox 271 1353 1505 1404; baseline -0.001 -11"><span class='ocrx_word' id='word_1_113' title='bbox 271 1354 414 1393; x_wconf 84' lang='lat' dir='ltr'>tellexi</span> <span class='ocrx_word' id='word_1_114' title='bbox 443 1357 484 1391; x_wconf 90' lang='lat' dir='ltr'>et</span> <span class='ocrx_word' id='word_1_115' title='bbox 511 1353 720 1391; x_wconf 86' lang='lat' dir='ltr'>Tibullum</span> <span class='ocrx_word' id='word_1_116' title='bbox 763 1353 904 1392; x_wconf 88' lang='lat' dir='ltr'>eadem</span> <span class='ocrx_word' id='word_1_117' title='bbox 938 1355 1116 1401; x_wconf 76' lang='lat' dir='ltr'>sanitate</span> <span class='ocrx_word' id='word_1_118' title='bbox 1144 1353 1263 1392; x_wconf 87' lang='lat' dir='ltr'>latini</span> <span class='ocrx_word' id='word_1_119' title='bbox 1292 1355 1505 1404; x_wconf 76' lang='lat' dir='ltr'>sermonis,</span> 
     </span>
     <span class='ocr_line' id='line_1_19' title="bbox 270 1416 1508 1470; baseline 0 -13"><span class='ocrx_word' id='word_1_120' title='bbox 270 1429 351 1470; x_wconf 86' lang='lat' dir='ltr'>qua</span> <span class='ocrx_word' id='word_1_121' title='bbox 379 1416 580 1464; x_wconf 81' lang='lat' dir='ltr'>Catullus,</span> <span class='ocrx_word' id='word_1_122' title='bbox 609 1417 653 1456; x_wconf 90' lang='lat' dir='ltr'>in</span> <span class='ocrx_word' id='word_1_123' title='bbox 689 1417 767 1456; x_wconf 90' lang='lat' dir='ltr'>hoc</span> <span class='ocrx_word' id='word_1_124' title='bbox 805 1416 967 1464; x_wconf 87' lang='lat' dir='ltr'>saltem,</span> <span class='ocrx_word' id='word_1_125' title='bbox 1005 1417 1230 1469; x_wconf 83' lang='lat' dir='ltr'>scripsisse,</span> <span class='ocrx_word' id='word_1_126' title='bbox 1260 1421 1302 1456; x_wconf 91' lang='lat' dir='ltr'>et</span> <span class='ocrx_word' id='word_1_127' title='bbox 1339 1417 1508 1470; x_wconf 87' lang='lat' dir='ltr'>Lygda-</span> 
     </span>
     <span class='ocr_line' id='line_1_20' title="bbox 270 1482 1507 1534; baseline 0.001 -13"><span class='ocrx_word' id='word_1_128' title='bbox 270 1495 392 1529; x_wconf 90' lang='lat' dir='ltr'>mum,</span> <span class='ocrx_word' id='word_1_129' title='bbox 423 1495 542 1534; x_wconf 90' lang='lat' dir='ltr'>quem</span> <span class='ocrx_word' id='word_1_130' title='bbox 570 1487 733 1528; x_wconf 83' lang='lat' dir='ltr'>vocant,</span> <span class='ocrx_word' id='word_1_131' title='bbox 765 1494 847 1521; x_wconf 91' lang='lat' dir='ltr'>non</span> <span class='ocrx_word' id='word_1_132' title='bbox 874 1484 1044 1529; x_wconf 89' lang='lat' dir='ltr'>minore,</span> <span class='ocrx_word' id='word_1_133' title='bbox 1066 1483 1135 1533; x_wconf 87' lang='lat' dir='ltr'>qui</span> <span class='ocrx_word' id='word_1_134' title='bbox 1156 1482 1394 1533; x_wconf 87' lang='lat' dir='ltr'>Lygdamus</span> <span class='ocrx_word' id='word_1_135' title='bbox 1419 1495 1507 1523; x_wconf 84' lang='lat' dir='ltr'>sese</span> 
     </span>
     <span class='ocr_line' id='line_1_21' title="bbox 271 1545 1505 1598; baseline 0 -11"><span class='ocrx_word' id='word_1_136' title='bbox 271 1546 324 1587; x_wconf 91' lang='lat' dir='ltr'>ad</span> <span class='ocrx_word' id='word_1_137' title='bbox 343 1545 545 1585; x_wconf 88' lang='lat' dir='ltr'>Tibullum</span> <span class='ocrx_word' id='word_1_138' title='bbox 560 1549 689 1586; x_wconf 87' lang='lat' dir='ltr'>totum</span> <span class='ocrx_word' id='word_1_139' title='bbox 709 1545 995 1585; x_wconf 81' lang='lat' dir='ltr'>conformavit.</span> <span class='ocrx_word' id='word_1_140' title='bbox 1015 1546 1157 1598; x_wconf 87' lang='lat' dir='ltr'>Itaque</span> <span class='ocrx_word' id='word_1_141' title='bbox 1176 1558 1358 1586; x_wconf 90' lang='lat' dir='ltr'>amorem</span> <span class='ocrx_word' id='word_1_142' title='bbox 1377 1546 1505 1587; x_wconf 89' lang='lat' dir='ltr'>habes</span> 
     </span>
     <span class='ocr_line' id='line_1_22' title="bbox 270 1611 1508 1659; baseline -0.002 -8"><span class='ocrx_word' id='word_1_143' title='bbox 270 1612 360 1651; x_wconf 88' lang='lat' dir='ltr'>Tib.</span> <span class='ocrx_word' id='word_1_144' title='bbox 382 1611 530 1658; x_wconf 81' lang='lat'><strong>1‚2‚4,;</strong></span> <span class='ocrx_word' id='word_1_145' title='bbox 552 1611 624 1658; x_wconf 87' lang='lat'>59;</span> <span class='ocrx_word' id='word_1_146' title='bbox 647 1611 724 1658; x_wconf 89' lang='lat'>75;</span> <span class='ocrx_word' id='word_1_147' title='bbox 748 1611 800 1650; x_wconf 89' lang='lat'>89</span> <span class='ocrx_word' id='word_1_148' title='bbox 839 1611 931 1657; x_wconf 84' lang='lat'><strong>1,3‚</strong></span> <span class='ocrx_word' id='word_1_149' title='bbox 954 1612 1023 1651; x_wconf 89' lang='lat'>81.</span> <span class='ocrx_word' id='word_1_150' title='bbox 1049 1611 1405 1659; x_wconf 80' lang='lat'>1‚4,10;24;40;</span> <span class='ocrx_word' id='word_1_151' title='bbox 1429 1612 1481 1652; x_wconf 89' lang='lat'>67</span> <span class='ocrx_word' id='word_1_152' title='bbox 1494 1626 1508 1659; x_wconf 65' lang='lat' dir='ltr'>;v</span> 
     </span>
    </p>
   </div>
   <div class='ocr_carea' id='block_1_12' title="bbox 269 1674 1503 1780">
    <p class='ocr_par' dir='ltr' id='par_1_13' title="bbox 269 1674 1503 1780">
     <span class='ocr_line' id='line_1_23' title="bbox 269 1674 1503 1724; baseline 0 -8"><span class='ocrx_word' id='word_1_153' title='bbox 269 1676 336 1716; x_wconf 89' lang='lat'>81.</span> <span class='ocrx_word' id='word_1_154' title='bbox 354 1675 503 1723; x_wconf 49' lang='lat'>1‚5.,7,;</span> <span class='ocrx_word' id='word_1_155' title='bbox 527 1675 592 1723; x_wconf 92' lang='grc'>60;</span> <span class='ocrx_word' id='word_1_156' title='bbox 612 1676 678 1715; x_wconf 87' lang='grc'>75.</span> <span class='ocrx_word' id='word_1_157' title='bbox 708 1674 861 1724; x_wconf 85' lang='grc'><strong>1,6,35;</strong></span> <span class='ocrx_word' id='word_1_158' title='bbox 900 1675 971 1722; x_wconf 85' lang='grc'>76;</span> <span class='ocrx_word' id='word_1_159' title='bbox 1001 1675 1068 1715; x_wconf 85' lang='lat'>85.</span> <span class='ocrx_word' id='word_1_160' title='bbox 1092 1675 1244 1724; x_wconf 86' lang='lat'>1‚7‚44.</span> <span class='ocrx_word' id='word_1_161' title='bbox 1270 1677 1416 1723; x_wconf 83' lang='lat'><strong>1‚8‚41;</strong></span> <span class='ocrx_word' id='word_1_162' title='bbox 1437 1676 1503 1716; x_wconf 83' lang='lat'>52.</span> 
     </span>
     <span class='ocr_line' id='line_1_24' title="bbox 270 1730 1500 1780; baseline -0.001 -9"><span class='ocrx_word' id='word_1_163' title='bbox 270 1731 414 1780; x_wconf 87' lang='lat'><strong>1‚9,1;</strong></span> <span class='ocrx_word' id='word_1_164' title='bbox 448 1730 517 1776; x_wconf 82' lang='lat'>19:</span> <span class='ocrx_word' id='word_1_165' title='bbox 550 1730 621 1778; x_wconf 88' lang='lat'>39;</span> <span class='ocrx_word' id='word_1_166' title='bbox 654 1731 719 1771; x_wconf 90' lang='lat'>83.</span> <span class='ocrx_word' id='word_1_167' title='bbox 747 1730 829 1777; x_wconf 59' lang='lat'>252,</span> <span class='ocrx_word' id='word_1_168' title='bbox 863 1730 926 1769; x_wconf 89' lang='lat'>11.</span> <span class='ocrx_word' id='word_1_169' title='bbox 955 1730 1108 1778; x_wconf 78' lang='lat'><strong>2,3,14;</strong></span> <span class='ocrx_word' id='word_1_170' title='bbox 1141 1730 1205 1778; x_wconf 77' lang='lat'>28;</span> <span class='ocrx_word' id='word_1_171' title='bbox 1240 1730 1313 1771; x_wconf 80' lang='lat'>32.</span> <span class='ocrx_word' id='word_1_172' title='bbox 1345 1731 1500 1779; x_wconf 75' lang='lat'>2‚4,47;</span> 
     </span>
    </p>
   </div>
   <div class='ocr_carea' id='block_1_13' title="bbox 267 1794 1560 2438">
    <p class='ocr_par' dir='ltr' id='par_1_14' title="bbox 269 1794 1560 1914">
     <span class='ocr_line' id='line_1_25' title="bbox 269 1794 1560 1844; baseline -0.001 -8"><span class='ocrx_word' id='word_1_173' title='bbox 269 1796 336 1836; x_wconf 88' lang='grc'>57.</span> <span class='ocrx_word' id='word_1_174' title='bbox 365 1796 522 1844; x_wconf 85' lang='grc'><strong>3,4,73.</strong></span> <span class='ocrx_word' id='word_1_175' title='bbox 553 1795 689 1843; x_wconf 86' lang='grc'><strong>3,6,4.</strong></span> <span class='ocrx_word' id='word_1_176' title='bbox 710 1795 795 1842; x_wconf 91' lang='lat'><strong>4,3,</strong></span> <span class='ocrx_word' id='word_1_177' title='bbox 809 1794 859 1835; x_wconf 85' lang='grc'>21</span> <span class='ocrx_word' id='word_1_178' title='bbox 895 1795 1027 1843; x_wconf 85' lang='grc'><strong>4,5,7;</strong></span> <span class='ocrx_word' id='word_1_179' title='bbox 1065 1795 1132 1834; x_wconf 84' lang='grc'>11.</span> <span class='ocrx_word' id='word_1_180' title='bbox 1164 1795 1340 1843; x_wconf 81' lang='grc'><strong>4,6,20.</strong></span> <span class='ocrx_word' id='word_1_181' title='bbox 1372 1797 1503 1843; x_wconf 86' lang='grc'><strong>4,7,1.</strong></span> <span class='ocrx_word' id='word_1_182' title='bbox 1557 1825 1560 1827; x_wconf 50' lang='lat'>&gt;</span> 
     </span>
     <span class='ocr_line' id='line_1_26' title="bbox 270 1861 790 1914; baseline -0.002 -13"><span class='ocrx_word' id='word_1_183' title='bbox 270 1861 481 1914; x_wconf 83' lang='lat' dir='ltr'>Nusquam</span> <span class='ocrx_word' id='word_1_184' title='bbox 508 1873 609 1901; x_wconf 86' lang='lat' dir='ltr'>vero</span> <span class='ocrx_word' id='word_1_185' title='bbox 638 1862 790 1902; x_wconf 79' lang='lat' dir='ltr'>ardor.</span> 
     </span>
    </p>

    <p class='ocr_par' dir='ltr' id='par_1_15' title="bbox 267 1926 1507 2438">
     <span class='ocr_line' id='line_1_27' title="bbox 322 1926 1503 1977; baseline -0.002 -11"><span class='ocrx_word' id='word_1_186' title='bbox 322 1927 356 1966; x_wconf 92' lang='lat' dir='ltr'><strong>E</strong></span> <span class='ocrx_word' id='word_1_187' title='bbox 385 1927 593 1966; x_wconf 90' lang='lat' dir='ltr'>contrario</span> <span class='ocrx_word' id='word_1_188' title='bbox 620 1926 830 1972; x_wconf 82' lang='lat' dir='ltr'>Horatius,</span> <span class='ocrx_word' id='word_1_189' title='bbox 861 1927 991 1977; x_wconf 86' lang='lat' dir='ltr'>magis</span> <span class='ocrx_word' id='word_1_190' title='bbox 1020 1938 1139 1977; x_wconf 88' lang='lat' dir='ltr'>quam</span> <span class='ocrx_word' id='word_1_191' title='bbox 1159 1938 1250 1964; x_wconf 92' lang='lat' dir='ltr'>cum</span> <span class='ocrx_word' id='word_1_192' title='bbox 1275 1926 1436 1965; x_wconf 88' lang='lat' dir='ltr'>Tibullo</span> <span class='ocrx_word' id='word_1_193' title='bbox 1462 1931 1503 1965; x_wconf 89' lang='lat' dir='ltr'>et</span> 
     </span>
     <span class='ocr_line' id='line_1_28' title="bbox 268 1990 1504 2046; baseline -0.002 -13"><span class='ocrx_word' id='word_1_194' title='bbox 268 1992 490 2046; x_wconf 87' lang='lat' dir='ltr'>Lygdamo,</span> <span class='ocrx_word' id='word_1_195' title='bbox 506 1991 667 2032; x_wconf 86' lang='lat' dir='ltr'>videtur</span> <span class='ocrx_word' id='word_1_196' title='bbox 687 2004 776 2032; x_wconf 87' lang='lat' dir='ltr'>esse</span> <span class='ocrx_word' id='word_1_197' title='bbox 795 1990 1070 2045; x_wconf 84' lang='lat' dir='ltr'>conferendus</span> <span class='ocrx_word' id='word_1_198' title='bbox 1090 2003 1181 2032; x_wconf 91' lang='lat' dir='ltr'>cum</span> <span class='ocrx_word' id='word_1_199' title='bbox 1201 1990 1391 2044; x_wconf 86' lang='lat' dir='ltr'>Virgilio,</span> <span class='ocrx_word' id='word_1_200' title='bbox 1411 1991 1504 2033; x_wconf 89' lang='lat' dir='ltr'>Ovi-</span> 
     </span>
     <span class='ocr_line' id='line_1_29' title="bbox 269 2056 1503 2109; baseline -0.001 -12"><span class='ocrx_word' id='word_1_201' title='bbox 269 2057 335 2097; x_wconf 92' lang='lat' dir='ltr'>dio</span> <span class='ocrx_word' id='word_1_202' title='bbox 365 2061 404 2096; x_wconf 90' lang='lat' dir='ltr'>et</span> <span class='ocrx_word' id='word_1_203' title='bbox 431 2058 663 2109; x_wconf 86' lang='lat' dir='ltr'>Propertio.</span> <span class='ocrx_word' id='word_1_204' title='bbox 708 2056 812 2096; x_wconf 89' lang='lat' dir='ltr'>Nam</span> <span class='ocrx_word' id='word_1_205' title='bbox 841 2056 996 2096; x_wconf 85' lang='lat' dir='ltr'>dixeris</span> <span class='ocrx_word' id='word_1_206' title='bbox 1031 2068 1134 2095; x_wconf 89' lang='lat' dir='ltr'>sane</span> <span class='ocrx_word' id='word_1_207' title='bbox 1162 2068 1254 2095; x_wconf 89' lang='lat' dir='ltr'>eum</span> <span class='ocrx_word' id='word_1_208' title='bbox 1283 2058 1327 2095; x_wconf 90' lang='lat' dir='ltr'>in</span> <span class='ocrx_word' id='word_1_209' title='bbox 1367 2057 1503 2096; x_wconf 88' lang='lat' dir='ltr'>Carm.</span> 
     </span>
     <span class='ocr_line' id='line_1_30' title="bbox 269 2121 1507 2174; baseline -0.001 -12"><span class='ocrx_word' id='word_1_210' title='bbox 269 2121 413 2169; x_wconf 80' lang='lat'>4‚9‚12</span> <span class='ocrx_word' id='word_1_211' title='bbox 453 2123 618 2162; x_wconf 75' lang='lat' dir='ltr'>calores</span> <span class='ocrx_word' id='word_1_212' title='bbox 659 2133 893 2174; x_wconf 85' lang='lat' dir='ltr'>usurpasse,</span> <span class='ocrx_word' id='word_1_213' title='bbox 937 2134 989 2161; x_wconf 88' lang='lat' dir='ltr'>ne</span> <span class='ocrx_word' id='word_1_214' title='bbox 1026 2123 1071 2161; x_wconf 86' lang='lat' dir='ltr'>in</span> <span class='ocrx_word' id='word_1_215' title='bbox 1099 2121 1254 2161; x_wconf 89' lang='lat' dir='ltr'>duobus</span> <span class='ocrx_word' id='word_1_216' title='bbox 1296 2121 1507 2161; x_wconf 81' lang='lat' dir='ltr'>continuis-</span> 
     </span>
     <span class='ocr_line' id='line_1_31' title="bbox 267 2185 1497 2236; baseline -0.001 -9"><span class='ocrx_word' id='word_1_217' title='bbox 267 2187 457 2227; x_wconf 88' lang='lat' dir='ltr'>versibus</span> <span class='ocrx_word' id='word_1_218' title='bbox 478 2187 618 2227; x_wconf 85' lang='lat' dir='ltr'>eadem</span> <span class='ocrx_word' id='word_1_219' title='bbox 637 2199 720 2226; x_wconf 84' lang='lat' dir='ltr'>vox</span> <span class='ocrx_word' id='word_1_220' title='bbox 738 2199 863 2229; x_wconf 78' lang='lat' dir='ltr'>amor</span> <span class='ocrx_word' id='word_1_221' title='bbox 880 2188 1028 2227; x_wconf 88' lang='lat' dir='ltr'>iterata</span> <span class='ocrx_word' id='word_1_222' title='bbox 1047 2187 1239 2227; x_wconf 82' lang='lat' dir='ltr'>lectorem</span> <span class='ocrx_word' id='word_1_223' title='bbox 1259 2185 1497 2236; x_wconf 87' lang='lat' dir='ltr'>offenderet,</span> 
     </span>
     <span class='ocr_line' id='line_1_32' title="bbox 270 2251 1500 2307; baseline -0.001 -14"><span class='ocrx_word' id='word_1_224' title='bbox 270 2251 343 2307; x_wconf 76' lang='lat' dir='ltr'>sed</span> <span class='ocrx_word' id='word_1_225' title='bbox 371 2251 498 2292; x_wconf 88' lang='lat' dir='ltr'>semel</span> <span class='ocrx_word' id='word_1_226' title='bbox 528 2251 670 2306; x_wconf 88' lang='lat' dir='ltr'>(Epod.</span> <span class='ocrx_word' id='word_1_227' title='bbox 685 2251 798 2306; x_wconf 62' lang='lat'>227)</span> <span class='ocrx_word' id='word_1_228' title='bbox 829 2253 916 2293; x_wconf 89' lang='lat' dir='ltr'>sine</span> <span class='ocrx_word' id='word_1_229' title='bbox 935 2252 1180 2293; x_wconf 87' lang='lat' dir='ltr'>necessitate</span> <span class='ocrx_word' id='word_1_230' title='bbox 1200 2251 1405 2292; x_wconf 83' lang='lat' dir='ltr'>ardorem</span> <span class='ocrx_word' id='word_1_231' title='bbox 1424 2264 1500 2304; x_wconf 91' lang='lat' dir='ltr'>pro</span> 
     </span>
     <span class='ocr_line' id='line_1_33' title="bbox 267 2310 1505 2371; baseline -0.001 -12"><span class='ocrx_word' id='word_1_232' title='bbox 267 2329 418 2359; x_wconf 80' lang='lat' dir='ltr'>amore</span> <span class='ocrx_word' id='word_1_233' title='bbox 444 2319 672 2371; x_wconf 86' lang='lat' dir='ltr'>usurpavit,</span> <span class='ocrx_word' id='word_1_234' title='bbox 703 2330 948 2370; x_wconf 88' lang='lat' dir='ltr'>quamquam</span> <span class='ocrx_word' id='word_1_235' title='bbox 976 2310 1189 2371; x_wconf 74' lang='lat' dir='ltr'>genetivus</span> <span class='ocrx_word' id='word_1_236' title='bbox 1218 2319 1288 2370; x_wconf 88' lang='lat' dir='ltr'>qui</span> <span class='ocrx_word' id='word_1_237' title='bbox 1318 2319 1505 2371; x_wconf 87' lang='lat' dir='ltr'>sequitur</span> 
     </span>
     <span class='ocr_line' id='line_1_34' title="bbox 269 2383 887 2438; baseline 0.005 -17"><span class='ocrx_word' id='word_1_238' title='bbox 269 2383 496 2422; x_wconf 80' lang='lat' dir='ltr'>novitatem</span> <span class='ocrx_word' id='word_1_239' title='bbox 521 2383 646 2438; x_wconf 33' lang='lat' dir='ltr'>&#39;verbi</span> <span class='ocrx_word' id='word_1_240' title='bbox 674 2387 887 2436; x_wconf 87' lang='lat' dir='ltr'>temperat.</span> 
     </span>
    </p>
   </div>
   <div class='ocr_carea' id='block_1_14' title="bbox 1685 0 1815 52">
    <p class='ocr_par' dir='ltr' id='par_1_16' title="bbox 1685 0 1815 52">
     <span class='ocr_line' id='line_1_35' title="bbox 1685 0 1815 52; baseline 0 2921"><span class='ocrx_word' id='word_1_241' title='bbox 1685 0 1815 52; x_wconf 95' lang='lat' dir='ltr'> </span> 
     </span>
    </p>
   </div>
  </div>
 </body>
</html>
