1815 2973
311 178 355 216 36
697 188 743 212 ,ω
766 187 954 213 cnutum
977 177 1034 218 68,
1047 175 1092 212 60

264 257 367 312 puli
395 268 481 297 non
511 244 593 296 sint
633 254 767 296 latina
811 268 896 296 non
924 238 1138 308 perspicio,
1173 255 1255 294 nisi
1284 255 1376 307 quis
1405 255 1516 297 forte

271 322 416 365 credat
443 323 604 364 densus
624 322 821 375 populus
850 324 874 362 a
895 333 1097 375 germana
1135 320 1340 362 latinitate
1368 321 1518 363 abbor-

270 401 383 437 rere.
415 388 494 428 Sed
522 399 647 439 quum
694 388 856 428 densus
891 388 1089 439 populus
1132 387 1215 439 sint
1243 386 1374 426 latina
1401 399 1517 428 mera

195 460 204 472 ·
270 453 478 508 (exempla
507 453 589 493 viri
619 452 729 493 docti
757 465 840 493 non
871 445 1086 505 requirent
1114 464 1139 492 a
1168 463 1245 500 me,
1276 452 1319 492 in
1339 463 1385 491 re
1404 452 1518 494 vide-

272 521 371 561 licet
401 523 483 559 tam
515 518 705 573 liquida:
730 518 914 559 densum
956 519 1113 571 vulqus
1154 518 1264 558 Hor.
1298 517 1445 559 Car-m.
1474 519 1515 567 2,

272 586 341 634 13,
360 584 428 625 32.
461 585 596 626 Densi
631 585 768 625 Troes
786 585 987 637 Ayyllz‘m'
1005 589 1045 625 et
1065 585 1257 624 Arcades
1279 584 1397 636 Vir-9.
1412 584 1515 625 Aen.

273 651 338 700 12,
368 651 450 692 297
480 662 574 703 seq.—
598 649 652 691 cf.
687 650 750 698 12,
766 651 860 698 563,
892 649 984 698 574,
1015 662 1121 702 quae
1151 649 1339 703 exempla
1368 662 1521 691 memo-

272 719 379 758 riter
408 716 660 762 scribebam,
692 720 739 756 ut
768 716 867 756 mihi
898 717 1034 756 statim
1064 716 1359 762 occurrebant,
1392 716 1520 756 innu-

274 782 491 824 merabilia
521 782 767 822 inventurus
795 783 829 822 si
859 786 1047 823 auctores
1069 782 1163 822 data
1184 793 1308 835 opera
1328 782 1522 834 pervolu-

275 847 444 902 tassem)
474 861 599 889 causa
628 860 710 889 non
736 853 798 888 est
818 861 894 888 cur
913 849 964 888 ab
985 849 1230 889 auctoritate
1249 848 1434 888 codicum
1456 861 1523 894 req

276 914 482 955 cedamus.
515 915 739 954 Praeterea
768 915 908 954 nescio
939 926 992 953 an
1015 914 1190 953 fallatur
1209 914 1420 965 Hauptius,
1443 915 1524 967 epi-

276 981 405 1027 theto,
438 979 546 1032 quod
573 992 665 1019 cum
680 980 837 1031 populi
856 983 918 1019 est
938 980 1214 1028 coniunctum,
1235 979 1436 1021 detracto:
1468 981 1524 1020 si-

276 1045 438 1098 quidem
468 1046 584 1086 locus
615 1045 683 1085 hic
714 1045 866 1086 Catulli
896 1046 1082 1085 omnibus
1110 1049 1277 1097 poeseos
1297 1046 1522 1086 luminibus

277 1115 506 1152 exornatur
525 1124 659 1163 neque
680 1111 938 1152 substantiva
959 1113 1044 1152 suis
1060 1111 1274 1152 adiectivis
1290 1112 1532 1165 privantur,·

276 1178 333 1218 ita
353 1189 511 1217 :mons
532 1177 698 1224 aerius,
721 1178 838 1217 rivus
862 1178 1093 1229 perlucens
1122 1177 1287 1218 volutus
1310 1189 1524 1229 praeceps

277 1246 330 1285 de
342 1255 493 1296 prona
511 1243 634 1293 valle,
657 1244 736 1283 iter
763 1243 971 1290 medium,
1003 1244 1127 1284 dulce
1155 1243 1357 1290 levamen,
1387 1244 1525 1283 viator

279 1312 433 1357 lassus,
463 1309 614 1362 qravis
643 1313 792 1356 aestus
823 1310 913 1362 agri
935 1310 1097 1356 exusti,
1119 1309 1244 1362 niyer
1264 1309 1397 1355 turbo,
1421 1319 1525 1349 aura

277 1376 481 1424 secunda,
514 1387 620 1428 quae
650 1387 772 1414 nemo
816 1374 923 1426 quod
964 1376 1091 1414 sciam
1121 1374 1422 1421 animadvertit,
1453 1374 1526 1414 sed

278 1442 418 1494 magni
447 1445 545 1481 sunt
573 1441 773 1480 momenti
803 1440 855 1481 ad
876 1439 1136 1481 iudicandam
1157 1441 1399 1488 orationem,
1421 1451 1526 1492 quae

278 1508 415 1548 nitore
445 1506 746 1559 splendoreque
781 1507 941 1559 poetico
961 1507 1050 1546 vult
1069 1506 1289 1547 manifesto
1310 1509 1524 1560 quantum-

277 1584 452 1626 cumque
481 1572 571 1613 fieri
592 1576 724 1625 potest
755 1572 974 1613 illustrari.

332 1640 384 1679 11.
401 1640 534 1680 Unum
545 1650 658 1679 nunc
675 1638 828 1680 addere
845 1639 980 1689 velim,
994 1640 1027 1679 si
1039 1639 1148 1680 forte
1159 1639 1283 1680 finem
1296 1640 1527 1692 quaestioni

280 1706 485 1745 maximae
502 1706 712 1758 imponere
727 1718 904 1759 possem.
928 1707 1124 1753 Quaestio
1141 1706 1214 1745 illa
1235 1706 1429 1744 nimirum
1446 1707 1526 1745 iam

279 1771 349 1811 diu
377 1772 542 1811 criticos
574 1775 749 1824 torquet,
780 1776 918 1825 utrum
948 1773 1061 1824 prior
1083 1783 1136 1811 ex
1158 1771 1313 1811 duabus
1337 1771 1529 1823 pulcher-

280 1838 396 1876 rimis
427 1838 801 1889 comparationibus
846 1849 1019 1888 quarum
1051 1849 1075 1876 a
1104 1850 1146 1877 V.
1181 1837 1274 1876 inde
1308 1838 1360 1877 57
1391 1838 1526 1877 altera

280 1903 455 1942 alteram
485 1903 655 1955 excipit,
687 1902 739 1942 ad
769 1902 909 1942 fletum
941 1903 1110 1950 Catulli,
1143 1903 1213 1954 qui
1253 1904 1296 1941 in
1332 1904 1522 1943 versibus

287 1968 355 2021 qui
376 1968 629 2020 praecedunt
649 1967 907 2015 describitur,
930 1969 1146 2020 pertineat,
1167 1981 1220 2008 an
1242 1968 1295 2007 ad
1324 1969 1526 2007 auxilium

282 2034 390 2087 quod
418 2034 550 2073 Allius
579 2033 742 2074 Catullo
773 2038 871 2074 tunc
894 2038 954 2073 est
974 2034 1166 2086 largitus.
1188 2033 1266 2074 Sed
1287 2047 1365 2086 quo
1387 2034 1530 2075 melius

284 2101 392 2153 quod
422 2095 512 2140 dico
542 2090 818 2152 intelligatur,
849 2112 994 2140 versus
1014 2100 1148 2140 51-66
1177 2100 1404 2153 adscripsi:

334 2201 486 2245 «Nam,
529 2200 621 2237 mihi
656 2211 766 2247 quam
800 2199 944 2236 dederit
982 2200 1120 2247 duplex
1146 2200 1362 2237 Amathusia
1389 2212 1530 2246 curam,

282 2280 331 2288 —
358 2261 481 2303 Scitis,
509 2265 547 2297 et
572 2261 608 2296 in
636 2272 707 2307 quo
726 2248 785 2296 ine
817 2262 1001 2296 corruerit
1027 2271 1179 2307 genere,
1207 2279 1254 2287 --
1274 2261 1367 2295 Cum
1386 2264 1530 2296 tantum

283 2323 458 2358 arderem
486 2325 662 2368 quantum
678 2320 869 2358 Trinacria
894 2332 1005 2370 rupes
1020 2341 1067 2348 —
1085 2321 1367 2369 Lymphaquein
1382 2321 1531 2358 Ocateis

285 2382 401 2419 Malia
445 2382 705 2429 Thermopilis,
732 2401 778 2409 —
808 2382 948 2419 Maesta
980 2394 1099 2428 neque
1143 2381 1296 2418 adsiduo
1338 2383 1530 2418 tabescere

286 2442 426 2479 lumina
444 2443 532 2480 fletu
559 2462 608 2470 —
634 2441 834 2479 Cessat-ent
860 2442 1031 2490 tristique
1057 2443 1177 2478 imbre
1205 2441 1355 2478 madere
1394 2451 1530 2488 genae,

286 2523 334 2531 —
360 2504 490 2552 Qualis
517 2505 555 2544 in
582 2504 670 2540 aerii
698 2502 892 2554 perlucens
920 2503 1061 2542 vertice
1088 2502 1220 2540 montis
1240 2521 1288 2529 —
1305 2502 1422 2543 Rivos
1452 2514 1530 2544 mu·
