1815 2973
336 173 381 209 2⁴
717 180 764 208 Α»
791 179 977 207 camum:
997 171 1148 212 miz-14

293 262 364 292 res
391 251 526 303 gestas
552 248 688 301 Flavii
713 247 952 308 hominibus
977 248 1082 290 catis
1109 225 1387 311 patefacerem<
1418 234 1529 290 rudia
1549 242 1555 261 ²

293 316 401 355 cium
422 316 557 355 autem
576 313 654 354 hoc
669 317 860 368 quartum
876 317 988 355 erat:
1006 313 1172 355 habitus
1187 313 1381 366 corporis,
1397 313 1531 355 tennis
1585 331 1587 334 ·
1659 302 1662 308 ¹

292 379 408 420 facti.
440 377 557 424 Quod
585 377 621 417 si
650 378 708 418 ita
738 381 813 427 est,
844 376 1104 418 scribendum
1131 378 1212 419 erit
1239 389 1324 418 non
1344 389 1440 428 cur,
1461 376 1531 419 sed

293 446 400 492 tum,
423 441 519 496 (hoc
539 445 602 482 est
621 442 785 490 deinde,
805 438 1031 496 denique).·

491 554 511 576 ‹
538 540 636 578 Tum
661 551 735 578 non
759 545 836 578 tam
860 540 981 578 latera
1005 539 1170 578 ecfututa
1194 541 1344 589 pandas,

539 599 612 637 Nei
637 603 679 636 tu
704 600 791 647 quid
807 600 920 659 facias
943 598 1180 650 ineptiarum.

349 692 442 733 Mea
470 703 617 732 versus
648 690 701 732 13
727 691 954 732 emendatio
983 692 1062 732 hoc
1082 703 1243 745 quoque
1258 690 1533 732 confirmatur
1603 686 1605 688 ’

296 757 403 811 quod
432 757 623 799 Catullus
652 769 734 797 non
764 757 909 798 solitus
941 761 1001 797 est
1029 757 1073 796 in
1101 757 1226 797 rebus
1255 755 1397 806 iisdem
1416 768 1534 809 repe-

295 821 431 862 tendis
452 821 793 875 declarandisque
813 822 986 869 morari;
1016 821 1140 862 lectio
1169 824 1305 861 autem
1334 831 1424 862 cur-⁴
1452 820 1532 861 hoc

295 888 395 929 vitio
408 888 583 936 laborat,
600 899 690 928 mea
712 888 818 928 Tum
832 899 931 928 non.
950 887 1042 928 Mea
1064 900 1101 928 v.
1126 886 1178 927 12
1191 886 1418 928 emendatio
1432 874 1532 927 d‘uo-

296 954 390 1002 bus,
421 957 586 1005 praeter
615 965 664 993 ea
680 959 789 1004 'quae
817 952 935 992 modo
955 952 1223 1000 disserebam,
1245 954 1416 1005 insuper
1434 964 1531 993 con·

296 1018 500 1059 firmatur.
551 1018 757 1065 Primum,
806 1017 913 1070 quod
961 1016 1013 1057 ad
1050 1017 1328 1058 Catullianum
1370 1015 1530 1057 dicendi

292 1095 423 1135 genus
451 1083 638 1136 proxime
667 1081 853 1124 accedit:
893 1082 1081 1123 Catullus
1117 1083 1227 1123 enim
1255 1082 1461 1123 adamavit
1487 1082 1529 1122 in
1606 1127 1609 1130 ,

291 1149 436 1202 primis
465 1148 594 1188 verba
624 1151 665 1188 et
693 1148 920 1188 sententias
963 1147 1042 1187 sibi
1084 1147 1127 1187 in
1167 1147 1308 1188 eodem
1349 1148 1531 1187 carmine

291 1213 603 1266 respondentes;
622 1225 915 1266 nonnunquam
931 1213 1125 1265 repetivit
1144 1214 1187 1252 in
1206 1225 1289 1253 uno
1309 1213 1530 1266 eodemque

292 1279 476 1319 carmine
503 1290 652 1319 versus
680 1278 865 1330 integros
898 1278 967 1318 vel
988 1289 1120 1330 paene
1140 1278 1340 1331 integros.
1375 1278 1533 1318 Versus

292 1345 350 1383 ita
376 1344 571 1396 repetitos
602 1355 676 1396 ego
715 1343 878 1396 collegi,
915 1342 1002 1392 sed,
1034 1355 1126 1383 cum
1154 1343 1269 1382 multi
1297 1342 1531 1383 huiusmodi

293 1409 377 1449 loci
406 1409 500 1456 sint,
531 1408 631 1448 satis
664 1408 744 1448 erit
781 1421 851 1448 eos
895 1409 1067 1448 citasse:
1100 1409 1237 1460 itaque
1267 1409 1397 1448 habes
1426 1407 1532 1459 apud

296 1473 502 1513 Catullum
544 1485 692 1512 versus
727 1473 920 1524 repetitos
950 1473 1084 1520 8,3-8.
1114 1472 1304 1520 8,11-19.
1336 1472 1527 1520 16,1-14.

295 1537 456 1586 16,4-8.
485 1536 732 1586 23‚5-8-10.
761 1537 927 1586 29‚5-9.
957 1537 1152 1584 36‚1-20,
1173 1541 1340 1590 praeter
1360 1548 1407 1576 ea
1427 1549 1531 1589 quae

296 1605 391 1642 sunt
418 1603 463 1641 in
492 1603 674 1642 carmine
701 1602 755 1642 68
784 1614 971 1655 quaeque
990 1603 1056 1642 hic
1077 1602 1127 1642 de
1147 1602 1348 1642 industria
1373 1603 1527 1642 omitto.

294 1668 438 1711 Verba
465 1669 652 1722 repetita,
682 1667 763 1710 hoc
792 1673 854 1709 est
882 1681 972 1710 eam
999 1667 1193 1722 loquendi
1229 1669 1447 1716 rationem,
1478 1667 1530 1709 ad

295 1745 416 1787 quam
458 1734 636 1773 animum
671 1737 713 1774 te
751 1734 969 1774 advertere
1010 1734 1189 1775 maxime
1217 1734 1355 1782 velim,
1403 1733 1531 1773 habet

295 1799 532 1852 saepissime
563 1799 753 1841 Catullus
781 1798 905 1852 (427.
936 1799 1076 1846 5‚4-5.
1115 1799 1229 1841 Soles
1267 1798 1462 1840 occidere
1490 1801 1531 1838 et

294 1864 431 1905 redire
446 1868 629 1917 possunt.
647 1865 773 1905 Nobis
789 1877 879 1906 cum
896 1865 1022 1905 semel
1039 1865 1195 1906 oceidit
1209 1865 1348 1905 brevis
1361 1864 1439 1904 lux
1449 1867 1528 1904 etc.
1554 1896 1558 1900 .

289 1929 484 1978 9,10-11.
500 1929 636 1976 2214.
658 1929 810 1977 23,7-8.
832 1930 967 1980 30,11.
987 1930 1125 1977 39,16.
1143 1924 1349 1977 31,12-13.
1368 1928 1525 1980 32,4-9.

287 1993 445 2043 49,4-5.
464 1993 672 2043 61,19-20;
689 1994 744 2036 26
764 1994 918 2045 45;102
934 2007 1046 2049 seqq.
1065 1995 1132 2036 82:
1152 1996 1307 2044 Quinti,
1327 1996 1360 2036 si
1376 1994 1449 2035 tibi
1463 1994 1528 2035 vis

281 2061 430 2102 oeulos
446 2059 603 2119 debere
614 2061 835 2108 Catullum,
851 2082 906 2092 —
920 2061 1004 2101 Aut
1022 2060 1135 2101 aliud
1155 2060 1288 2113 siquid
1306 2061 1446 2101 carius
1466 2063 1529 2100 est

288 2126 438 2177 oeulis,
453 2148 508 2156 --
527 2125 701 2179 Eripere
721 2127 759 2167 ei
775 2126 878 2174 noli,
899 2126 1026 2167 multo
1041 2126 1150 2179 quod
1164 2127 1298 2168 carius
1313 2127 1374 2167 illi
1389 2128 1443 2158 -’-
1457 2125 1533 2167 Est

290 2191 430 2232 oeulis
449 2203 522 2231 seu
544 2190 640 2244 quid
656 2192 794 2232 carius
814 2195 875 2231 est
895 2192 1048 2233 oculis.
1066 2191 1261 2240 107,1-5:
1278 2192 1418 2248 Siquoi
1437 2190 1534 2246 quid

292 2257 449 2308 cupido
478 2258 714 2310 optantique
736 2258 882 2311 obtigit
900 2270 1080 2311 unquam
1098 2270 1154 2290 '·-
1181 2258 1435 2311 Insperanti,
1455 2257 1534 2297 hoc
1580 2277 1583 2279 -
1657 2263 1661 2266 “

296 2324 358 2360 est
385 2325 563 2373 yratum
592 2323 729 2363 animo
757 2323 934 2376 proprie.
948 2342 997 2351 —
1013 2324 1153 2371 Quare
1169 2323 1246 2364 hoc
1267 2326 1329 2363 est
1355 2325 1534 2374 oratum

296 2385 496 2439 nobisque
512 2391 573 2428 est
594 2389 732 2453 carius
746 2400 864 2437 auro,
887 2410 940 2420 —
958 2388 1073 2434 Quod
1088 2394 1130 2431 te
1146 2389 1348 2438 restituis,
1366 2387 1530 2436 Lesbia,
