1815 2973
454 202 456 204 ,
616 211 619 215 ,
1443 179 1480 215 11

241 293 250 324 3
268 257 472 313 :Graeca-e
492 253 714 309 Palatinae
734 220 852 315 (Vol.
874 228 923 309 Π,
952 272 1057 313 pag.
1078 252 1160 301 407
1180 258 1304 299 edidit
1334 257 1531 351 Dfihner)

235 338 238 341 ·
285 326 405 374 ‚ouius
432 326 593 379 priores
627 324 727 373 duos
762 337 911 373 versus
939 324 1150 372 adscribo:
1215 326 1218 329 ’

386 426 524 471 ΤΛῆμον
541 420 659 473 Ἒρῳς,
683 422 723 458 οὔ
748 422 851 465 Θῆλυν
877 422 952 470 ἐμοὶ
977 421 1082 458 πόθον
1108 421 1197 458 ἀλλά.
1224 421 1290 457 τιν’
1317 419 1388 456 αἰεί

484 481 624 523 Δινευεις
649 483 812 533 στεροπὴν
836 480 1007 530 καύματος
1033 482 1206 533 ἀρσενικοῦ

341 588 403 629 Ita
431 599 589 649 quoque
606 586 711 640 apud
733 586 1031 629 Callimachum
1050 586 1302 639 Epigramm.
1324 482 1380 626 25
1398 584 1525 639 (edid.

288 653 481 698 Meineke
508 665 602 706 pag.
634 652 703 706 97)
742 651 849 704 quod
872 649 1149 705 epigramma,
1189 664 1280 692 cum
1315 652 1368 691 sit
1395 663 1526 692 unum

289 731 312 758 e
339 718 644 772 pulcherrimis,
675 720 803 757 totum
832 716 1069 756 adscribere
1097 717 1235 756 volui:

377 824 507 873 Ὥμοσε
530 823 772 872 Καλλίγνωτος
793 822 925 869 ’Ῑωνίδι,
952 823 1083 871 μήποτε
1107 822 1225 867 κείνης,

481 883 562 926 ἕξειν
589 883 673 931 μήτε
699 883 795 933 φίλον
821 880 1105 933 κρείσσοναμήτε
1131 882 1244 932 φίλην.

384 943 526 992 ὤμοσεν.
553 943 641 980 ἀλλὰ.
666 942 817 991 λέγουσιν
844 941 971 987 ἀληθέα
995 942 1073 983 τοὺς
1099 943 1133 978 ἐν
1158 941 1254 992 ἔρωτι

483 1002 600 1052 ὅρκους
626 1004 673 1049 μὴ
698 994 808 1038 δύνειν.
827 1001 924 1038 οὔατ’
951 1003 982 1042 ἐς
1009 1001 1198 1040 ἀθανάτων.

386 1065 443 1097 νῦν
469 1061 500 1096 δ’
515 1062 532 1097 ὀ
560 1062 618 1109 μὲν
646 1062 803 1112 ἀρσενικῷ
827 1060 957 1111 θέρεται
983 1060 1075 1112 πυρί,
1100 1067 1156 1104 τῆς
1181 1062 1219 1097 δὲ
1242 1059 1402 1104 ταλαίνης

482 1119 610 1171 νύμφης
635 1121 680 1161 ὥς
705 1120 887 1170 Μεγαρέων
911 1121 951 1156 οὔ
976 1120 1075 1168 λόγος
1100 1119 1177 1156 οὔτ’
1205 1120 1354 1171 ἀριθμός.

290 1420 426 1462 Carm.
464 1417 631 1468 4,9,12.
682 1416 762 1459 Sed
808 1417 1008 1466 Catullus,
1057 1431 1299 1471 quamquam
1347 1424 1387 1459 et
1433 1419 1524 1470 ipse

287 1482 596 1529 Alexandrinos
624 1493 872 1534 magnopere
902 1481 1121 1530 adamavit,
1154 1486 1332 1522 attamen
1363 1493 1523 1535 semper

293 1560 389 1589 usus
419 1538 480 1587 est
505 1559 606 1587 voce
634 1558 797 1594 amore,
828 1559 1035 1599 nunquam
1056 1551 1165 1588 'voce
1193 1548 1367 1588 ardore.
1399 1548 1526 1589 Amo-

288 1625 383 1654 rem
429 1612 559 1653 habes
607 1611 714 1665 apud
753 1611 960 1653 Catullum
1003 1613 1238 1665 saepissime
1277 1613 1523 1665 praesertim

290 1678 397 1724 6,16.
429 1678 508 1724 738.
540 1677 644 1724 15,1.
674 1676 807 1724 35,12.
840 1676 946 1724 45,1.
983 1676 1122 1725 55,19.
1160 1677 1324 1724 61,2Ο1.
1355 1674 1517 1727 64,120;

290 1741 678 1792 182;33Ο;335;372.
698 1741 831 1790 66,88.
851 1741 989 1789 67,25.
1010 1742 1385 1792 68,69,73,83;107.
1401 1743 1520 1792 71,3.

287 1809 397 1856 78,3.
429 1808 535 1855 87,3.
557 1808 744 1856 76,6;13.
779 1807 936 1855 9ι,2,6.
953 1808 1067 1854 96,6.
1090 1808 1517 1856 99,15.1ΟΟ,8.109,1.

290 1874 391 1922 Quis
435 1874 561 1929 igitur
603 1872 757 1921 credat,
798 1885 921 1926 quum
965 1872 1151 1915 Catullus
1194 1874 1528 1914 constantissime

290 1951 388 1978 usus
419 1939 472 1977 sit
504 1949 662 1985 amore,
690 1950 897 1990 nunquam
935 1950 1036 1978 vero
1065 1942 1135 1977 aut
1189 1938 1287 1989 iyne
1323 1943 1410 1986 aut,
1450 1951 1523 1979 ex-

290 2007 404 2056 cepto
441 2003 533 2043 loco
573 2002 621 2043 de
655 2015 735 2055 quo
774 2003 990 2055 loquimur,
1025 2003 1200 2051 ardore,
1240 2004 1331 2055 quis
1364 2003 1521 2052 credat,

289 2068 439 2109 Catulli
467 2081 557 2108 esse
587 2068 690 2108 illud
732 2069 868 2109 ardor
902 2068 1009 2120 quod
1036 2070 1217 2109 occurrit
1244 2070 1288 2109 in
1314 2070 1524 2110 versiculo

288 2134 454 2173 minime
482 2133 656 2186 pulchro
684 2133 725 2173 id
755 2138 816 2174 est
844 2134 1012 2174 minime
1041 2134 1288 2182 Catulliano,
1320 2138 1442 2187 atque
1461 2136 1522 2176 in·

289 2211 411 2251 super
440 2200 683 2239 sententiam
711 2199 879 2239 minime
906 2200 1157 2251 probabilem
1185 2199 1395 2241 habente?

344 2264 450 2305 Sano
479 2263 627 2303 iudicio
656 2276 768 2312 usus,
799 2276 890 2305 cum
910 2269 1090 2305 ceterum
1106 2268 1269 2317 putaret
1286 2266 1429 2318 poesin
1445 2266 1529 2307 Ro-

289 2341 517 2378 manorum,
548 2330 695 2369 rivulis
724 2329 966 2370 eruditionis
1005 2343 1058 2370 ex
1087 2331 1261 2372 Graecia
1289 2332 1333 2371 in
1363 2332 1522 2373 Latium

288 2394 496 2442 derivatis,
526 2395 734 2442 ditandam
762 2408 862 2444 esse,
907 2395 1087 2436 indolem
1133 2401 1266 2437 tamen
1307 2398 1525 2449 pristinam

0 1214 83 1314 ἒ»,
342 1224 408 1263 Ex
437 1225 632 1266 Romanis
660 1225 787 1276 igitur
814 1224 883 1276 qui
911 1223 1203 1263 Alexandrinis
1231 1214 1407 1263 maxime
1437 1227 1526 1263 stu-

0 1278 50 1339 {2}
289 1288 482 1337 duerunt,
513 1288 704 1329 nonnulli
731 1293 982 1341 usurparunt
1008 1301 1082 1342 pro
1112 1300 1274 1336 amore,
1311 1290 1520 1330 ardorem

0 1336 52 1407 {3}
289 1355 357 1394 vel
377 1356 507 1406 iynes.
527 1354 661 1392 Etiam
681 1354 870 1394 calorem
888 1353 1015 1392 habes
1034 1354 1158 1392 semel
1177 1354 1285 1405 apud
1303 1354 1520 1392 Horatium

0 1532 30 1552 „.
