1815 2973
451 198 456 202 ·
483 195 490 218 -’
574 195 620 222 nn
631 196 815 238 rou-rmus
836 197 909 222 rm
931 197 1003 222 nm
1025 186 1178 230 21‚1-20
1214 199 1217 202 >
1406 183 1452 220 63

260 234 465 321 tummo'do
479 246 657 309 hiberna
672 264 809 318 priora
826 263 906 320 (21,
909 265 936 307 5
937 264 1050 320 ,4-5),
1071 269 1113 308 et
1128 265 1254 306 tertia
1271 263 1494 318 eademque

149 350 153 351 ⁷
202 368 208 371 .
254 314 485 387 'postrema
497 329 578 391 (21,
581 330 628 370 21
635 329 710 383 ,,1)
732 328 880 382 Operis
917 322 1137 384 Polybiani
1174 331 1350 383 vestigia
1378 331 1517 383 haec„

180 393 184 396 ’
206 396 209 400 ’
262 393 504 451 quamquam
532 394 715 436 nondum
735 395 965 453 observata,
981 400 1022 437 et
1046 400 1158 437 certa
1183 400 1277 436 sunt
1295 400 1337 437 et
1351 399 1497 437 notatu

269 462 523 517 dignissima.

369 527 483 567 XIV.
513 526 601 565 Liv.
631 525 707 576 21,,
728 526 795 574 6,3
823 538 935 579 seqq.
974 527 1030 566 cf.
1060 526 1123 574 21,
1164 525 1229 566 18.
1280 527 1498 579 Polybiani

262 593 397 647 operis
430 591 608 644 vestigia
651 590 825 643 denique
867 591 1120 644 deprehendi
1155 603 1231 644 ego
1278 592 1384 645 apud
1426 593 1501 646 Li-

263 660 374 698 vium
418 658 460 697 in
503 669 552 696 eo
580 657 688 708 quod
715 658 898 711 pertinet
926 657 977 697 ad
1004 657 1175 709 legatos,
1205 669 1305 709 quos
1340 658 1501 710 Sagun-

264 723 542 763 tini'Romam
570 722 622 762 ad
649 735 766 774 opem
793 722 1007 776 petendam
1045 723 1267 771 miserunt,
1308 724 1403 762 item
1448 723 1501 764 ad

267 790 424 842 legatos
454 801 552 840 quos
589 788 765 827 Romani
793 788 845 828 ad
873 787 1143 828 Hannibalem
1171 788 1214 827 in
1241 788 1497 841 Hispaniam,

266 858 388 907 atque
416 853 706 907 Carthaginem
727 855 770 893 in
791 854 977 895 Africam
1007 855 1229 901 miserunt;
1259 866 1500 907 quamquam

267 911 398 973 primo
427 919 561 960 statim
592 918 785 972 adspectu
813 920 917 973 quae
936 919 1041 974 apud
1070 920 1230 960 Livium
1259 923 1499 967 occurrunt,

270 997 329 1032 ea,
358 985 685 1032 valdeconsusa,
716 997 769 1024 ex
796 986 965 1038 Polybio
995 997 1126 1038 neque
1157 986 1200 1024 in
1232 986 1395 1025 Livium
1416 986 1504 1025 exi-

270 1051 485 1090 stimantur
515 1062 704 1090 manasse
735 1062 868 1104 neque
898 1052 940 1091 in
970 1054 1183 1091 auctorem
1225 1051 1342 1091 illum
1385 1062 1504 1103 quem

269 1118 348 1156 hoc-
377 1116 464 1155 loco
493 1116 631 1156 Livius
661 1121 820 1156 secutus
850 1118 917 1156 sit.
949 1117 1031 1157 Res
1051 1129 1151 1157 vero
1179 1116 1317 1170 paullo
1336 1116 1505 1168 longio-

273 1193 361 1220 rem
390 1181 676 1221 tractationem
714 1182 903 1234 requirit.
934 1183 1221 1229 Quaestionem
1264 1181 1314 1222 de
1355 1181 1504 1234 legatis

272 1247 586 1299 Saguntinorum
615 1248 753 1300 paucis
781 1249 899 1288 verbi
937 1248 1148 1288 absolvam
1167 1261 1192 1287 :—
1217 1248 1356 1287 Livius
1396 1248 1507 1286 enim

31 1358 41 1368 ἃ,
213 1304 216 1306 ’
272 1313 476 1351 consentit
492 1324 581 1352 oum
597 1312 779 1365 Polybio,
795 1312 874 1352 nisi
889 1312 995 1365 quod
1009 1312 1157 1365 Polyb.
1184 1312 1320 1353 innuit
1342 1311 1506 1367 (3,15,1)

0 1359 94 1425 ᾗ
273 1389 297 1416 a
326 1377 566 1429 Saguntinis
586 1379 744 1431 legatos
764 1379 920 1431 pluries
940 1379 1085 1419 missos
1107 1378 1252 1427 fuisse,
1274 1378 1411 1419 Livius
1431 1378 1509 1419 hoc

0 1440 46 1485 si*
69 1482 71 1485 ,
273 1444 546 1496 praetermisit
576 1442 764 1498 (21,6,2).

331 1512 462 1551 Venio
491 1511 543 1551 ad
571 1511 723 1562 legatos
763 1524 786 1550 a
824 1512 1023 1550 Romanis
1062 1513 1219 1550 missos.
1251 1512 1337 1551 Hoc
1377 1515 1509 1550 autem

275 1576 448 1628 primum
478 1577 655 1615 omnium
684 1577 907 1629 quaeritur,
939 1577 1101 1628 quoties
1128 1575 1254 1630 legati
1274 1576 1386 1616 missi
1416 1575 1511 1616 sue-

275 1642 386 1680 rint:
420 1641 562 1680 deinde
592 1653 675 1690 quo
725 1642 886 1692 quique
938 1645 1127 1691 tempore
1167 1642 1292 1679 missi
1323 1642 1508 1691 fuerint,

279 1710 361 1745 tum
404 1718 533 1757 quam
575 1706 625 1747 ob
668 1718 870 1746 causam.
914 1706 1136 1758 Perspicue
1178 1709 1375 1757 quantum
1418 1704 1509 1745 fieri

277 1775 409 1824 potest
435 1775 577 1810 narrat
604 1771 799 1822 Polybius
837 1771 899 1809 bis
941 1771 1098 1822 legatos
1140 1771 1285 1826 missos
1326 1770 1455 1809 fuisse
1485 1782 1509 1809 a

279 1836 476 1876 Romanis
507 1835 655 1889 (3‚15‚2
685 1848 796 1888 seqq.
829 1836 967 1883 3‚20,6
994 1835 1139 1889 seqq).
1160 1835 1247 1875 Hoe
1267 1836 1362 1875 item
1383 1835 1509 1876 tradit

280 1902 450 1941 Livius:
483 1889 660 1953 priorem
689 1901 937 1953 legationem
975 1902 1139 1940 missam
1170 1901 1226 1940 ait
1253 1900 1417 1948 21,6,8;
1449 1901 1512 1940 al·

279 1971 409 2006 teram
438 1966 627 2013 21,18,1;
657 1966 791 2006 minus
822 1971 954 2006 tamen
984 1966 1062 2007 hoo
1090 1965 1195 2019 apud
1223 1978 1287 2005 me
1317 1965 1509 2019 ponderis

280 2032 413 2079 habet,
445 2032 550 2083 quod
579 2032 713 2071 Livius
741 2033 804 2072 bis
831 2033 1163 2085 legatos'missos
1201 2032 1331 2071 fuisse
1365 2044 1513 2071 memo-

282 2102 359 2145 rat,
392 2109 517 2150 quam·
540 2098 648 2149 quod
674 2099 839 2149 nomina
876 2099 1106 2151 legatorum
1150 2098 1328 2151 ipsorum
1370 2097 1508 2137 addit:

281 2164 463 2203 omnium
493 2164 601 2202 enim
630 2164 856 2204 certissima
885 2176 934 2204 ea
963 2164 1064 2204 mihi
1093 2174 1252 2215 semper
1290 2166 1384 2202 sunt
1421 2163 1513 2202 visa

283 2241 387 2280 quae
423 2230 600 2268 Romani
633 2231 875 2282 scriptores,
913 2231 1054 2270 Livius
1094 2231 1138 2270 in
1178 2230 1339 2283 primis,
1371 2228 1421 2269 de
1458 2228 1516 2268 le-

283 2297 391 2347 gatis
432 2294 599 2334 tradere
627 2302 940 2343 consueverunt,
960 2295 1218 2336 :nominibus
1246 2296 1516 2346 sinqulorum

235 2360 242 2369 '
284 2361 523 2412 leyatorum
552 2360 759 2402 adiectis:
793 2362 892 2402 hinc
928 2356 1035 2402 enim
1079 2360 1251 2402 efficitur
1294 2361 1335 2399 in
1375 2373 1515 2402 rerum

283 2426 553 2466 monumentis
582 2431 786 2467 servatam
815 2427 944 2467 fuisse
974 2427 1210 2467 memoriam
1240 2425 1421 2466 omnium
1458 2426 1516 2465 le·
