1815 2973
331 137 378 174 64
514 149 520 153 “
607 146 655 174 ns
677 147 852 183 retusus
871 146 946 174 mx
966 142 1042 177 μὴ
1061 118 1112 184 fal
1109 131 1263 190 lum

289 216 513 279 gationum.
546 214 603 270 (1)
632 216 801 258 Priores
827 216 957 269 legati
983 215 1154 273 fuerunt
1171 207 1300 262 d‘w
1320 216 1370 266 P·
1389 201 1531 269 Vale-
1544 230 1570 269 ῑ·-
1596 264 1608 271 „

289 281 378 323 rius
381 275 566 335 Flaccus
581 283 624 322 et
637 281 686 330 Q.
701 280 890 323 Baebius
885 268 1176 335 Thamphilus.
1185 279 1322 332 Alteri
1324 279 1526 340 quinque:
1546 311 1551 317 ν

287 349 339 396 Q.
370 347 530 395 Fabius,
558 346 616 388 M.
647 347 802 396 Livius,
833 348 881 388 L.
910 346 1144 397 Aemilius,-
1165 346 1211 389 C.
1253 335 1528 397 Liciniusg·Q.

287 413 464 454 Baebius
483 442 494 453 .
524 412 637 466 Ergo
680 413 770 453 sine
797 412 885 459 ulla
927 412 1179 454 dubitatione
1221 412 1282 454 sic
1322 415 1459 455 statuo
1487 417 1530 461 et

289 477 438 525 iudico,
469 479 514 518 in
544 489 714 518 numero
741 478 995 531 legationum
1024 478 1184 523 Livium
1219 490 1310 518 cum
1353 478 1528 532 Polybio

290 555 547 597 summopere
575 544 823 592 consentire,
844 543 963 596 idque
980 542 1226 585 nominibus
1252 544 1529 597 sinyulorum

291 610 533 662 legator-um
546 609 728 662 probari.
752 607 810 662 (2)
831 609 883 650 Ut
901 608 980 649 hoc
997 621 1156 662 quoque
1172 608 1331 656 addam,
1349 608 1528 660 priorem

288 674 535 728 legationem
550 677 750 715 memorat
765 674 972 727 Appianus
982 673 1044 716 Ib.
1059 674 1134 721 XI,
1148 671 1322 714 alteram
1336 673 1398 714 lb.
1408 672 1526 714 XIII.

343 739 408 781 Ad
449 751 595 780 causas
631 739 885 793 legationum
928 739 1222 780 mittendarum
1262 742 1446 780 transeo.
1475 739 1530 780 Ut

288 805 413 858 vulgo
442 805 713 853 arbitrantur,
745 805 890 845 Livius
920 805 963 845 in
991 804 1071 845 hac
1099 816 1147 845 re
1180 817 1205 845 a
1244 804 1416 857 Polybio
1445 803 1529 845 dis-

290 871 450 911 sentire
477 870 652 910 videtur:
681 875 727 910 ut
754 883 831 924 ego
859 882 924 910 me
952 871 1219 923 probaturum
1238 881 1328 909 esse
1347 868 1526 917 confido,

288 937 458 977 minime
473 935 675 977 dissentit.
696 935 915 988 Siquidem,
931 940 976 976 ut
990 936 1117 988 vulgo
1132 936 1384 982 existimant,
1402 947 1528 976 causa

289 1002 442 1053 prioris
470 1001 694 1041 mittendae
723 1001 789 1040 his
809 1002 1041 1041 continetur
1060 1000 1166 1055 apud
1185 1000 1342 1040 Livium
1360 1000 1524 1040 verbis:
1568 994 1571 996 ’

290 1067 334 1107 si
346 1078 431 1108 non
444 1066 729 1108 absisteretur
742 1066 867 1114 bello,
884 1068 942 1107 ad
955 1067 1106 1108 ducem
1122 1068 1268 1119 ips-um
1282 1066 1328 1106 in
1335 1078 1528 1119 poenam

290 1132 485 1184 foederis
512 1132 639 1184 rupti
666 1131 983 1185 deposcendum
1012 1131 1214 1185 (21,6,8)‚
1243 1143 1348 1183 quae
1377 1143 1527 1171 revera

291 1209 418 1238 causa
448 1196 548 1244 fuit,
579 1197 783 1237 sententia
810 1196 974 1248 Polybii
1002 1194 1189 1248 (3‚20,8),
1212 1196 1384 1237 alterius
1416 1196 1529 1250 lega-

290 1262 416 1302 tionis
436 1262 673 1304 mittendae.
692 1261 764 1316 (Et
782 1265 895 1302 recte
915 1262 1081 1302 omnino
1099 1262 1188 1303 Pol.
1208 1274 1218 1310 ;
1237 1263 1396 1315 priores
1417 1262 1526 1302 enim

335 1454 384 1497 (1)
409 1454 499 1488 Huic
525 1464 620 1488 meae
645 1455 836 1488 sententiae
860 1464 928 1487 non
951 1455 1064 1488 obstat
1087 1455 1177 1498 quod
1192 1454 1281 1489 Acta.
1296 1455 1443 1489 Senatus
1458 1454 1528 1490 Ro-

292 1508 384 1542 mani
408 1508 548 1542 consule
571 1508 704 1542 demum
739 1509 774 1542 C'.
797 1508 893 1542 Julio
926 1509 1075 1543 Caesare
1104 1509 1248 1553 eiusque
1277 1509 1528 1556 iussuflconfici

290 1564 527 1608 publicai-ique
540 1567 724 1606 coeperunt
741 1564 850 1607 (Svet.
871 1564 965 1598 Caes.
980 1564 1050 1604 20ss
1067 1574 1214 1608 namque
1230 1564 1367 1597 decreta
1381 1564 1528 1599 Senatus

292 1619 396 1651 etiam
419 1621 500 1651 ante
522 1610 655 1651 Iuliam
682 1619 866 1651 Caesarem
889 1622 983 1651 certe
1004 1619 1196 1661 perscripta
1217 1620 1252 1651 et
1275 1621 1412 1651 servata.
1431 1622 1525 1653 sunt.

292 1672 407 1706 Unum
437 1672 522 1705 illud
551 1672 737 1715 ambigitur
763 1675 879 1705 utrum
908 1674 988 1706 ante
1021 1672 1198 1707 Caesarem
1231 1672 1405 1706 consulem
1439 1674 1528 1708 Aeta

291 1728 367 1769 ipsa
389 1728 534 1760 Senatus
557 1728 685 1759 fuerint
708 1728 867 1759 confecta
890 1727 993 1770 (quod
1023 1727 1199 1760 contendit
1227 1727 1405 1760 Bekkerus
1427 1728 1526 1761 Rem.-

290 1782 530 1825 Antiquita'een
553 1781 649 1822 ·1‚31.
679 1780 729 1820 11,
759 1780 895 1822 2445),
923 1790 968 1813 an
997 1791 1065 1814 non
1094 1781 1248 1826 fuerint,
1275 1778 1314 1814 ut
1343 1781 1527 1814 Suetonius

290 1836 402 1870 innuit
423 1839 457 1869 et
473 1836 628 1870 nonnulli
644 1835 854 1879 praesertim
869 1837 907 1869 E.
923 1836 1104 1870 Hiibnerus
1119 1836 1323 1870 Fleckeisen
1337 1836 1525 1871 Jahrbaezch.

290 1891 405 1934 Suppl.
429 1891 463 1930 3,
485 1891 549 1924 564
572 1893 682 1934 seqq.)
705 1891 905 1923 defendunt.
935 1891 1010 1931 Ego
1039 1891 1089 1923 sic
1118 1891 1294 1932 existimo,
1318 1891 1423 1924 etiam
1445 1894 1526 1925 ante

291 1945 474 1979 Caesarem
496 1944 605 1978 multa
627 1944 698 1978 alia
721 1947 859 1988 praeter
880 1944 1018 1978 decreta
1040 1947 1177 1978 servata
1200 1945 1325 1979 fuisse:
1352 1945 1525 1979 orationes

290 2011 359 2035 non
381 2001 552 2041 existimo,
575 2002 605 2033 si
628 2011 714 2044 quas
736 2001 828 2043 apud
859 2000 994 2034 Livium
1026 2000 1208 2034 Senatores
1236 2001 1389 2042 habent3
1424 2012 1526 2044 saepe

289 2058 445 2089 oratores
468 2055 535 2098 ipsi
557 2055 754 2088 ediderunt..
786 2055 851 2088 Sed
882 2055 1072 2088 sententiae
1104 2055 1304 2089 Senatorum
1335 2055 1395 2100 qui
1423 2056 1526 2091 inno-

288 2110 436 2143 tuissent
459 2110 514 2152 (cf
542 2108 620 2142 Liv.
645 2107 738 2149 3,39.
763 2109 854 2150 21‚6.
879 2108 970 2149 26,8.
992 2109 1095 2149 3033
1116 2112 1184 2143 etc.
1201 2110 1354 2153 passim),
1370 2110 1438 2143 nisi
1464 2121 1528 2154 pu-

286 2164 377 2196 blice
399 2164 609 2206 perscriptae
631 2165 666 2195 et
690 2165 860 2202 servatae,
884 2163 986 2195 etiam
1008 2166 1089 2197 ante
1113 2164 1305 2204 Caesarem,
1330 2164 1502 2198 fuissent?

332 2216 378 2262 (2)
402 2217 549 2251 Nomina
571 2216 702 2250 omittit
730 2215 915 2259 Polybius:
938 2217 1113 2261 prospexit
1147 2217 1251 2259 enim,
1274 2218 1312 2251 in
1335 2217 1525 2252 scribendis

285 2272 456 2313 historiis,
481 2272 622 2306 Graecis
645 2272 720 2305 suis
743 2271 874 2304 civibus
896 2271 1018 2305 harum
1040 2283 1155 2306 rerum
1184 2273 1380 2309 incuriosis.
1397 2273 1443 2307 At
1457 2273 1526 2307 Ro·

285 2328 378 2362 mani
400 2337 613 2371 summopere
642 2327 828 2370 cupiebant
856 2327 1002 2360 maiores
1031 2328 1174 2372 quisque
1204 2339 1306 2370 suos,
1337 2328 1524 2363 honoribu-

287 2383 559 2429 quibuscumque
580 2382 793 2426 perfunctos,
818 2380 943 2416 diserte
966 2382 1145 2418 nominari.
