1815 2973
199 285 221 334 ἶ
232 287 258 356 '²3
290 305 457 366 quae-m
499 290 551 359 oc
562 289 731 354 genere,
747 297 826 342 hoc
840 304 932 345 est
922 315 966 342 111
942 280 1179 344 militibus
1189 279 1526 351 conscribendi&

0 1666 49 1974 Wawwffff
8 1650 17 1657 2
0 1547 20 1640 ³*
18 670 26 686 ,⁴
13 642 25 645 2

0 1970 57 2073 ᾗ
70 2014 83 2021 ,,

0 2068 47 2105 ‚⁵221

0 2181 31 2227 *ἓξ

7 2216 47 2243 ι’ἶῧ
68 2228 69 2231 ’

21 2271 32 2278 υ
48 2263 69 2273 ⁵²*

16 2291 25 2298 ⁸
39 2302 46 2306 -

29 2308 70 2335 2¹3¹}

26 2335 67 2364 »Λα

26 2370 50 2390 ²⁸..

28 2387 60 2419 μὶ)

41 2422 61 2435 ,3¹¹
76 2419 79 2424 ¹

0 2459 5 2471 l

54 2501 59 2511 ὲ

291 369 470 417 Romani
489 368 532 408 in
551 380 706 408 annum
737 380 776 408 u.
802 381 838 408 c·
860 367 1081 413 DXXXIX
1109 374 1376 422 paraverunt,
1399 357 1530 411 habes

291 435 398 487 apud
417 434 575 474 Livium
598 433 666 478 23,
672 432 768 480 25s
745 446 771 471 o
791 445 903 485 seqq.
926 432 978 473 23
981 434 1057 481 ,,31
1061 434 1087 473 3
1115 447 1249 487 seqq.·
1281 435 1334 475 23
1336 435 1529 483 Bai-20.

291 499 480 541 Efficitur
510 511 562 538 ex
593 498 682 538 istis
713 499 824 538 Livii
860 499 976 546 locis,
1006 496 1124 551 quos'
1143 513 1238 540 mox
1281 501 1525 549 adscribam,

292 563 432 605 nullos
463 576 592 603 novos
622 563 773 603 milites
795 563 911 603 initio
933 563 1054 604 huius
1076 565 1174 604 anni
1194 564 1377 605 decretos
1398 565 1528 606 fuisse

224 650 229 660 ·
291 633 459 684 praeter
474 629 644 669 volones
660 629 749 676 hos,
768 628 818 668 de
834 629 980 680 quibus
1001 629 1172 682 agimus,
1195 634 1234 669 et
1252 631 1395 682 viginti
1415 631 1528 671 milia

292 697 496 737 sociorum
527 707 631 747 quae
652 694 852 735 darentur
875 694 1004 734 eidem
1027 695 1181 735 consuli
1203 695 1441 750 Sempronio
1462 697 1530 739 cui

292 767 332 803 et
359 762 544 800 volones.
577 761 642 799 En
671 764 806 800 autem
835 761 946 800 locos
977 761 1110 800 Livii:

344 826 512 874 23,25,5
541 839 656 878 segg.
689 842 710 863 «
742 827 842 866 Tum
871 826 1093 867 Marcellus
1129 838 1293 867 suarum
1324 827 1529 880 copiarum

293 910 313 929 «
346 904 542 932 summam
573 893 773 944 exposuit.
793 892 898 937 Quid
926 893 967 931 in
997 892 1146 943 Apulia
1162 904 1255 931 cum
1275 893 1318 931 C.
1339 894 1530 932 Terentio

293 978 313 997 ‹<
344 959 511 1001 consule
541 962 664 1007 esset,
697 972 720 999 a
749 959 890 1011 peritis
920 960 1152 1011 quaesitum
1182 963 1259 1000 est.
1293 959 1392 1004 Nec,
1425 959 1531 999 unde

292 1043 312 1062 ‹<
346 1026 588 1066 consulares
619 1026 824 1064 exercitus
855 1022 955 1064 satis
984 1024 1091 1065 firmi
1117 1024 1169 1064 ad
1199 1028 1355 1063 tantum
1375 1026 1529 1064 bellum

295 1109 316 1129 «
346 1092 620 1138 efficerentur,
653 1091 836 1131 inibatur
865 1091 986 1131 ratio.
1011 1091 1153 1143 Itaque
1181 1090 1372 1136 Galliam,
1397 1103 1534 1143 quam-

292 1174 313 1194 «
345 1170 466 1210 quam
497 1157 733 1198 stimulabat
763 1157 869 1196 iusta
901 1156 979 1203 ira,
1012 1156 1144 1195 omitti
1164 1167 1212 1195 eo
1233 1168 1347 1195 anno
1366 1156 1533 1208 placuit.

294 1240 315 1260 «
344 1222 563 1264 Exercitus
593 1221 802 1262 dictatoris
832 1222 992 1261 consuli
1023 1221 1213 1262 decretus
1234 1225 1309 1261 est.
1330 1223 1389 1261 De
1410 1234 1553 1262 exer--

295 1306 315 1325 «
345 1290 430 1328 citu
459 1288 665 1333 Marcelli,
690 1289 758 1339 qui
788 1300 929 1328 eorum
952 1300 1005 1327 ex
1026 1287 1126 1344 fuga
1148 1288 1361 1329 Cannensi
1382 1292 1531 1335 essent,

292 1371 313 1391 «
346 1356 387 1394 in
418 1355 598 1395 Siciliam
629 1362 696 1393 'eos
726 1353 885 1393 traduci
924 1358 1045 1405 atque
1084 1354 1140 1393 ibi
1180 1354 1374 1402 militare,
1404 1353 1535 1394 donec

294 1437 315 1457 ‹<
347 1420 421 1473 (in)
451 1421 570 1459 Italia
600 1420 754 1459 bellum
794 1423 916 1465 esset,
947 1419 1114 1471 placuit.
1147 1418 1301 1459 Eodem
1346 1432 1400 1458 ex
1441 1419 1535 1459 Iuni

293 1502 313 1522 «
346 1486 557 1527 dictatoris
586 1486 820 1537 legionibus
841 1486 943 1524 reici
964 1471 1132 1524 militem
1152 1485 1310 1524 minimi
1332 1497 1534 1537 quemque

297 1567 318 1588 «
347 1552 522 1598 roboris,
540 1551 654 1590 nullo
671 1551 913 1602 praestituto
930 1549 1101 1589 militiae
1118 1553 1309 1602 tempore,
1328 1550 1408 1589 nisi
1428 1550 1534 1602 quod

295 1634 316 1654 «
347 1616 640 1670 stipendiorum
663 1616 940 1667 legitimorum
961 1619 1084 1655 esset.
1118 1615 1228 1654 Duae
1259 1615 1444 1668 legiones
1465 1628 1537 1655 ur-

295 1697 316 1718 «
347 1673 616 1721 banae'alteri
633 1681 809 1728 consuli,
829 1681 898 1732 qui
915 1680 957 1719 in
974 1680 1108 1719 locum
1125 1679 1169 1719 L.
1188 1679 1370 1719 Postumi
1389 1679 1537 1720 suffec-

292 1765 313 1785 (ι
349 1751 412 1787 tus
432 1751 550 1795 esset,
569 1746 759 1786 decretae
776 1749 881 1794 sunt,
901 1758 1088 1798 eumque,
1107 1758 1196 1785 cum
1214 1747 1390 1799 primum
1407 1747 1535 1787 salvis

292 1831 312 1851 «
345 1814 538 1867 auspiciis
569 1816 714 1865 posset,
738 1812 875 1852 creari
895 1812 1061 1865 placuit.
1087 1813 1290 1865 Legiones
1320 1817 1536 1865 praeterea

293 1897 314 1917 «
344 1881 445 1920 duas
474 1881 603 1933 primo
634 1892 793 1931 quoque
823 1882 1005 1931 tempore
1026 1887 1079 1918 ex
1108 1869 1246 1919 Sicilia
1266 1881 1393 1919 acciri
1412 1884 1534 1932 atque

292 1961 312 1981 «
345 1945 439 1985 inde
485 1944 706 1991 consulem,
744 1944 810 1984 cui
854 1944 1040 1996 legiones
1069 1944 1254 1986 urbanae
1284 1946 1534 1994 evenissent,

292 2027 312 2047 ‹<
347 2011 522 2050 militum
553 2023 715 2050 sumere
746 2013 938 2062 quantum
979 2023 1078 2063 opus
1108 2014 1228 2060 esset.
1262 2011 1306 2051 C.
1341 2012 1536 2057 Terentio

295 2093 316 2114 «
346 2077 509 2117 consuli
539 2077 758 2129 propagari
788 2077 830 2116 in
859 2088 1013 2115 annum
1042 2076 1275 2128 imperium,
1315 2089 1448 2129 neque
1485 2077 1536 2117 de

292 2159 311 2179 «
346 2155 395 2183 eo
427 2143 627 2190 exercitu,
658 2154 777 2196 quem
808 2141 855 2182 ad
881 2141 1130 2196 praesidium
1153 2142 1329 2197 Apuliae
1348 2143 1535 2193 haberet,

299 2225 320 2245 «
349 2210 563 2261 quicquam
595 2210 792 2247 minui.»

344 2274 409 2322 23,
413 2273 461 2314 31
469 2273 507 2327 ,3
537 2286 649 2327 seqq.
686 2289 707 2311 «
736 2273 792 2314 De
823 2274 1074 2315 exeicitibus
1104 2273 1163 2315 ita
1178 2272 1463 2324 decreverunt,
1486 2279 1532 2315 ut

295 2355 316 2376 «
345 2340 505 2386 duabus
533 2340 762 2392 legionibus
792 2340 962 2380 urbanis
1001 2341 1060 2380 Ti.
1096 2341 1361 2393 Sempronius
1394 2334 1535 2383 consu1

293 2420 311 2440 «
348 2405 471 2454 Cales
502 2405 553 2447 ad
583 2405 908 2447 conveniendum
946 2405 1049 2448 diem
1090 2406 1290 2457 ediceret;
1324 2407 1419 2449 inde
1461 2420 1534 2457 eae
