1815 2973
343 192 364 224 8
544 165 548 170 ¹
663 227 666 230 ἢ
708 196 755 220 At>
777 195 962 221 cnuthum
979 188 1019 228 42
1029 187 1092 220 ’1-8

299 267 369 307 vel
396 270 442 307 ut
469 266 542 306 alii
571 265 687 306 illum
707 256 875 324 versum
895 264 1031 313 aliter,
1051 263 1093 305 id
1111 243 1220 316 quod
1238 265 1357 312 modo
1372 245 1564 312 videba÷

298 345 402 379 mus,
432 330 673 383 refinguntv
702 330 832 375 Quam
852 340 940 368 rem
968 332 1015 370 ut
1043 329 1285 382 singillatim
1317 339 1541 389 persequa-

298 410 392 451 mur
420 396 499 437 duo
526 396 771 449 praesertim
800 396 843 435 in
871 407 996 435 versu
1018 395 1390 439 considerabimus.
1413 401 1545 440 ratio-
1604 391 1608 395 ¹

298 475 392 502 nem
419 473 579 508 versus,
610 464 651 501 et
678 461 820 500 verba.
857 460 999 512 ltaque
1039 464 1084 500 ut
1123 473 1148 501 a
1188 463 1352 502 ratione
1394 461 1538 511 ordiar

296 539 457 575 versus,
488 539 579 567 mea
607 525 770 578 quidem
804 527 1010 568 sententia
1044 539 1212 568 versum
1246 523 1538 572 inconcinnum

296 593 470 645 ideoque
499 592 667 632 minime
697 592 991 633 Cattullianum
1021 591 1212 645 deturpat
1229 594 1403 645 primum
1432 596 1537 637 illud

294 657 493 711 loquendi
522 669 655 711 genus
685 656 793 709 quod
821 658 879 697 sic
907 658 1051 710 incipit
1083 657 1225 699 Credo
1250 663 1301 700 uc
1321 663 1421 709 etc.;
1444 675 1539 703 sen-

292 725 425 764 tentia
453 724 574 771 enim,
597 724 814 763 continens
845 735 923 763 nec
952 723 1130 775 lepidam
1157 736 1237 764 nec
1256 726 1554 768 necessariam*

294 789 678 841 interpretationem
717 788 833 828 lusus
876 786 1183 829 venustissime
1211 802 1285 830 sex
1327 791 1535 843 prioribus
1595 835 1630 842 ,,

293 856 482 901 versibus
525 855 737 907 descripti,
782 853 937 894 redolet
981 866 1066 894 non
1116 854 1332 896 florentem
1374 862 1536 910 poetam

293 922 424 961 Musis
453 921 563 973 ipsis,
584 932 714 972 paene
733 920 919 966 dixerim,
942 921 1151 960 uberrima
1170 921 1242 960 illa
1262 921 1535 967 Ciceroniana
1581 929 1584 934 '

294 989 429 1026 aetate
458 986 695 1031 enutritum,
729 984 800 1025 sed
828 975 963 1036 potius
991 985 1197 1025 hominem
1223 989 1534 1039 grammaticum

294 1051 418 1092 Medii
447 1050 556 1103 quod
584 1054 736 1091 vocant
763 1049 888 1096 Aevi;
921 1051 990 1101 qui
1020 1050 1199 1091 fortasse
1237 1051 1372 1100 homo,
1401 1058 1534 1094 artem

293 1129 488 1157 versuum
526 1115 813 1156 faciendorum
855 1127 979 1167 quum
1021 1116 1153 1170 magis
1196 1116 1370 1158 calleret
1411 1131 1533 1171 quam

293 1185 487 1221 naturam
516 1181 727 1221 hominum
755 1184 1034 1233 pernosceret,
1057 1181 1282 1221 arbitratus
1303 1194 1347 1221 se
1365 1185 1532 1224 causam

291 1246 421 1294 lusus,
451 1259 573 1298 quam
601 1250 721 1298 poeta
759 1258 859 1285 sano
889 1245 1039 1286 iudicio
1078 1245 1287 1297 praeditus
1324 1248 1530 1296 omiserat,

291 1310 444 1351 addere
464 1324 601 1364 posse,
624 1311 852 1362 adscripsit,
884 1314 931 1351 ut
959 1314 1072 1362 puto,
1094 1322 1260 1350 versum
1281 1324 1398 1352 suum
1416 1314 1531 1355 hunc

290 1377 336 1416 in
363 1378 563 1428 margine,
594 1389 713 1428 quem
741 1388 909 1416 versum
938 1377 1187 1428 posteriores
1218 1378 1372 1418 Catulli
1399 1379 1530 1430 ipsius
1609 1416 1615 1420 ,

291 1454 384 1482 esse
413 1442 740 1491 existimaverut.
776 1440 894 1488 Quod
924 1442 959 1479 si
987 1441 1056 1493 qui
1085 1452 1196 1480 nunc
1218 1446 1326 1489 sunt,
1348 1444 1418 1494 qui
1436 1456 1530 1496 pro-

289 1507 402 1547 fecto
432 1511 527 1546 sunt
568 1507 645 1560 (sic
686 1507 771 1559 agit
807 1507 992 1546 Ellisius
1034 1507 1076 1545 in
1119 1509 1416 1548 commentario
1454 1505 1528 1549 suo

288 1571 654 1625 Catulliano),rqui
683 1573 726 1611 in
758 1571 934 1611 medium
962 1574 1108 1610 vocent
1130 1572 1336 1612 Catullum
1356 1572 1469 1619 84,5:

339 1683 358 1704 01<
386 1670 616 1707 Chommoda
648 1670 809 1715 dicebat,
850 1669 881 1704 si
921 1670 1066 1715 quando
1104 1671 1296 1706 commoda
1330 1669 1447 1706 vellet
1479 1690 1528 1698 -

286 1732 431 1777 Dicere,
463 1735 501 1766 et
532 1730 711 1767 hinsidias
738 1730 872 1766 Arrius
909 1729 1095 1775 hinsiffias,
1121 1748 1170 1756 —
1195 1729 1243 1766 Et
1267 1734 1346 1767 tum
1371 1730 1526 1766 mirifice

287 1791 460 1836 sperabat
485 1801 525 1825 se
551 1801 630 1826 esse
656 1790 831 1834 locutum,
854 1809 899 1816 —
914 1789 1008 1825 Cum
1024 1793 1200 1835 quantum
1217 1793 1362 1836 poterat
1379 1789 1525 1826 dixerat

286 1849 471 1886 hinsidias.
498 1845 546 1876 '—
575 1849 709 1894 Credo,
737 1849 789 1885 sic
813 1853 943 1893 mater,
971 1847 1024 1884 sic
1048 1848 1164 1883 Liber
1198 1848 1400 1884 avonculus
1433 1848 1524 1894 eius,

285 1928 335 1936 —
361 1909 422 1944 Sic
446 1913 633 1944 maternus
660 1920 749 1944 avos
776 1909 921 1945 dixerat
947 1911 1057 1953 atque
1084 1907 1179 1952 avia,
1206 1911 1277 1942 etc.
1307 1919 1326 1939 »

285 2012 334 2040 eo
361 2001 557 2039 nimirum
587 2000 759 2040 consilio
787 2003 833 2039 ut
861 1999 994 2040 credo
1014 1998 1120 2051 quod
1141 2002 1204 2038 est
1222 1998 1308 2046 28,
1331 1997 1524 2051 quodam·
1574 2000 1577 2018 ³

281 2066 402 2105 modo
422 2065 615 2111 fulciant,
638 2067 668 2104 ii
688 2065 809 2117 paulo
830 2064 1095 2105 inconsultius
1114 2067 1258 2115 agunt,
1281 2075 1373 2103 cum
1393 2063 1522 2103 credo

282 2131 352 2171 hic
381 2132 508 2171 aliam
537 2142 706 2183 prorsus
734 2131 816 2169 vim
845 2131 1011 2170 habeat.
1045 2152 1096 2158 -
1125 2127 1293 2176 Deinde,
1336 2128 1377 2167 id
1411 2129 1520 2168 enim

282 2197 485 2248 sequitur,
517 2199 679 2245 reputa,
712 2206 874 2245 quaeso,
896 2195 1022 2232 verba
1042 2193 1275 2232 huiusmodi
1299 2204 1405 2245 quae
1426 2196 1521 2231 sunt

282 2262 557 2313 acquiescere
587 2265 628 2300 et
657 2260 809 2300 ardor.
841 2258 977 2300 Semel
1005 2261 1163 2299 tantum
1183 2259 1225 2298 in
1245 2258 1419 2310 reliquis
1440 2257 1520 2299 Ca·
1583 2262 1585 2264 ’
1633 2256 1638 2261 “

281 2326 373 2365 tulli
403 2326 656 2366 carminibus
686 2325 869 2365 occurrit
897 2324 1169 2375 acquiescere
1207 2321 1361 2376 (31,10)
1391 2326 1432 2361 et
1460 2321 1520 2361 di-

281 2404 407 2431 versa
435 2404 605 2443 prorsus
637 2389 964 2442 significatione:
989 2389 1017 2427 il
1039 2388 1144 2439 quod
1163 2400 1311 2428 moneo
1331 2399 1414 2426 non
1436 2391 1517 2426 tam
