<?xml version="1.0" encoding="UTF-8"?>
<!DOCTYPE html PUBLIC "-//W3C//DTD XHTML 1.0 Transitional//EN"
    "http://www.w3.org/TR/xhtml1/DTD/xhtml1-transitional.dtd">
<html xmlns="http://www.w3.org/1999/xhtml" xml:lang="en" lang="en">
 <head>
  <title>
</title>
<meta http-equiv="Content-Type" content="text/html;charset=utf-8" />
  <meta name='ocr-system' content='tesseract 3.04.00' />
  <meta name='ocr-capabilities' content='ocr_page ocr_carea ocr_par ocr_line ocrx_word'/>
</head>
<body>
  <div class='ocr_page' id='page_1' title='image "4737923_0096.png"; bbox 0 0 1815 2973; ppageno 0'>
   <div class='ocr_carea' id='block_1_1' title="bbox 889 0 1815 882">
    <p class='ocr_par' dir='ltr' id='par_1_1' title="bbox 889 0 1815 882">
     <span class='ocr_line' id='line_1_1' title="bbox 889 0 1815 53; baseline 0 2920"><span class='ocrx_word' id='word_1_1' title='bbox 889 0 1815 53; x_wconf 95' lang='lat' dir='ltr'><strong> </strong></span> 
     </span>
     <span class='ocr_line' id='line_1_2' title="bbox 1092 53 1815 882; baseline 0.008 -652"><span class='ocrx_word' id='word_1_2' title='bbox 1092 53 1815 882; x_wconf 95' lang='lat' dir='ltr'><strong>     </strong></span> 
     </span>
    </p>
   </div>
   <div class='ocr_carea' id='block_1_2' title="bbox 247 113 1815 2433">
    <p class='ocr_par' dir='ltr' id='par_1_2' title="bbox 247 113 1815 1314">
     <span class='ocr_line' id='line_1_3' title="bbox 308 113 1131 186; baseline 0.002 -14.897"><span class='ocrx_word' id='word_1_3' title='bbox 308 118 392 181; x_wconf 38' lang='grc'><strong>86·</strong></span> <span class='ocrx_word' id='word_1_4' title='bbox 536 119 541 125; x_wconf 46' lang='grc'><em>’</em></span> <span class='ocrx_word' id='word_1_5' title='bbox 591 156 597 161; x_wconf 88' lang='lat'><strong>·</strong></span> <span class='ocrx_word' id='word_1_6' title='bbox 725 113 1131 186; x_wconf 12' lang='lat' dir='ltr'><strong>Anfnmuwaessl&#39;lffb</strong></span> 
     </span>
     <span class='ocr_line' id='line_1_4' title="bbox 287 206 1525 268; baseline -0.002 -11"><span class='ocrx_word' id='word_1_7' title='bbox 287 212 500 268; x_wconf 71' lang='lat' dir='ltr'><strong>egregiam</strong></span> <span class='ocrx_word' id='word_1_8' title='bbox 528 212 599 255; x_wconf 86' lang='lat' dir='ltr'><strong>illa</strong></span> <span class='ocrx_word' id='word_1_9' title='bbox 627 216 878 266; x_wconf 79' lang='lat' dir='ltr'><strong>tempestate-</strong></span> <span class='ocrx_word' id='word_1_10' title='bbox 898 211 1124 257; x_wconf 80' lang='lat' dir='ltr'><strong>exhibitam</strong></span> <span class='ocrx_word' id='word_1_11' title='bbox 1135 206 1337 263; x_wconf 17' lang='lat' dir='ltr'><strong>*virtutem</strong></span> <span class='ocrx_word' id='word_1_12' title='bbox 1358 211 1525 266; x_wconf 52' lang='lat' dir='ltr'><strong>futur&amp;</strong></span> 
     </span>
     <span class='ocr_line' id='line_1_5' title="bbox 247 268 1526 332; baseline -0.003 -12"><span class='ocrx_word' id='word_1_13' title='bbox 247 279 249 281; x_wconf 81' lang='grc'><strong>’</strong></span> <span class='ocrx_word' id='word_1_14' title='bbox 287 279 407 320; x_wconf 83' lang='lat' dir='ltr'><strong>brevi</strong></span> <span class='ocrx_word' id='word_1_15' title='bbox 454 277 790 320; x_wconf 87' lang='lat' dir='ltr'><strong>extraordinario</strong></span> <span class='ocrx_word' id='word_1_16' title='bbox 834 280 925 319; x_wconf 90' lang='lat' dir='ltr'><strong>iure</strong></span> <span class='ocrx_word' id='word_1_17' title='bbox 965 277 1204 332; x_wconf 83' lang='lat' dir='ltr'><strong>proconsul:</strong></span> <span class='ocrx_word' id='word_1_18' title='bbox 1258 277 1315 318; x_wconf 81' lang='lat' dir='ltr'><strong>cf.</strong></span> <span class='ocrx_word' id='word_1_19' title='bbox 1338 272 1340 275; x_wconf 67' lang='grc'>’</span> <span class='ocrx_word' id='word_1_20' title='bbox 1361 268 1526 319; x_wconf 78' lang='lat' dir='ltr'><strong>Livium</strong></span> 
     </span>
     <span class='ocr_line' id='line_1_6' title="bbox 290 342 1528 398; baseline -0.002 -13"><span class='ocrx_word' id='word_1_21' title='bbox 290 343 519 397; x_wconf 82' lang='lat'><strong>23,10‚19),</strong></span> <span class='ocrx_word' id='word_1_22' title='bbox 554 344 662 385; x_wconf 90' lang='lat' dir='ltr'><strong>Nola</strong></span> <span class='ocrx_word' id='word_1_23' title='bbox 691 348 752 385; x_wconf 87' lang='lat' dir='ltr'><strong>est</strong></span> <span class='ocrx_word' id='word_1_24' title='bbox 779 345 955 398; x_wconf 86' lang='lat' dir='ltr'><strong>primum</strong></span> <span class='ocrx_word' id='word_1_25' title='bbox 986 347 1147 385; x_wconf 87' lang='lat' dir='ltr'><strong>retenta</strong></span> <span class='ocrx_word' id='word_1_26' title='bbox 1177 344 1220 384; x_wconf 92' lang='lat' dir='ltr'><strong>in</strong></span> <span class='ocrx_word' id='word_1_27' title='bbox 1258 342 1337 383; x_wconf 89' lang='lat' dir='ltr'><strong>fide</strong></span> <span class='ocrx_word' id='word_1_28' title='bbox 1376 343 1528 397; x_wconf 81' lang='lat' dir='ltr'><strong>(Livius</strong></span> 
     </span>
     <span class='ocr_line' id='line_1_7' title="bbox 288 408 1662 464; baseline -0.004 -12"><span class='ocrx_word' id='word_1_29' title='bbox 288 409 442 464; x_wconf 47' lang='lat'><strong>2254),</strong></span> <span class='ocrx_word' id='word_1_30' title='bbox 479 410 626 451; x_wconf 88' lang='lat' dir='ltr'><strong>deinde</strong></span> <span class='ocrx_word' id='word_1_31' title='bbox 655 410 892 451; x_wconf 84' lang='lat' dir='ltr'><strong>felicissima</strong></span> <span class='ocrx_word' id='word_1_32' title='bbox 928 409 1134 450; x_wconf 88' lang='lat' dir='ltr'><strong>industria</strong></span> <span class='ocrx_word' id='word_1_33' title='bbox 1163 412 1309 450; x_wconf 85' lang='lat' dir='ltr'><strong>contra</strong></span> <span class='ocrx_word' id='word_1_34' title='bbox 1353 408 1529 449; x_wconf 86' lang='lat' dir='ltr'><strong>Cartha·</strong></span> <span class='ocrx_word' id='word_1_35' title='bbox 1653 422 1662 460; x_wconf 74' lang='grc' dir='ltr'><strong>ζ-</strong></span> 
     </span>
     <span class='ocr_line' id='line_1_8' title="bbox 288 467 1596 531; baseline -0.002 -15"><span class='ocrx_word' id='word_1_36' title='bbox 288 477 499 529; x_wconf 87' lang='lat' dir='ltr'><strong>ginienses</strong></span> <span class='ocrx_word' id='word_1_37' title='bbox 529 471 701 517; x_wconf 85' lang='lat' dir='ltr'><strong>defensa</strong></span> <span class='ocrx_word' id='word_1_38' title='bbox 730 476 885 531; x_wconf 85' lang='lat' dir='ltr'><strong>(Livius</strong></span> <span class='ocrx_word' id='word_1_39' title='bbox 914 476 1041 523; x_wconf 80' lang='lat'><strong>23‚15</strong></span> <span class='ocrx_word' id='word_1_40' title='bbox 1063 480 1103 516; x_wconf 90' lang='lat' dir='ltr'><strong>et</strong></span> <span class='ocrx_word' id='word_1_41' title='bbox 1124 474 1208 528; x_wconf 89' lang='lat'>16);</span> <span class='ocrx_word' id='word_1_42' title='bbox 1230 478 1316 515; x_wconf 85' lang='lat' dir='ltr'><strong>tum</strong></span> <span class='ocrx_word' id='word_1_43' title='bbox 1336 474 1527 528; x_wconf 85' lang='lat' dir='ltr'><strong>Neapolis</strong></span> <span class='ocrx_word' id='word_1_44' title='bbox 1592 467 1596 470; x_wconf 65' lang='grc'><strong>’</strong></span> 
     </span>
     <span class='ocr_line' id='line_1_9' title="bbox 290 539 1525 595; baseline -0.002 -13"><span class='ocrx_word' id='word_1_45' title='bbox 290 542 449 583; x_wconf 87' lang='lat' dir='ltr'><strong>frustra</strong></span> <span class='ocrx_word' id='word_1_46' title='bbox 479 546 542 583; x_wconf 88' lang='lat' dir='ltr'><strong>est</strong></span> <span class='ocrx_word' id='word_1_47' title='bbox 570 545 765 595; x_wconf 88' lang='lat' dir='ltr'><strong>temptata</strong></span> <span class='ocrx_word' id='word_1_48' title='bbox 793 542 844 582; x_wconf 88' lang='lat' dir='ltr'><strong>ab</strong></span> <span class='ocrx_word' id='word_1_49' title='bbox 874 542 1108 582; x_wconf 83' lang='lat' dir='ltr'>Hannibale</span> <span class='ocrx_word' id='word_1_50' title='bbox 1140 539 1301 595; x_wconf 85' lang='lat' dir='ltr'><strong>(Livius</strong></span> <span class='ocrx_word' id='word_1_51' title='bbox 1327 539 1525 593; x_wconf 77' lang='lat'><strong>23,15,1)‚</strong></span> 
     </span>
     <span class='ocr_line' id='line_1_10' title="bbox 288 596 1531 660; baseline -0.003 -12"><span class='ocrx_word' id='word_1_52' title='bbox 288 607 482 655; x_wconf 84' lang='lat' dir='ltr'>Nuceria,</span> <span class='ocrx_word' id='word_1_53' title='bbox 503 607 778 660; x_wconf 85' lang='lat' dir='ltr'>nequidquam</span> <span class='ocrx_word' id='word_1_54' title='bbox 799 608 850 648; x_wconf 90' lang='lat' dir='ltr'><strong>ab</strong></span> <span class='ocrx_word' id='word_1_55' title='bbox 871 596 987 647; x_wconf 87' lang='lat' dir='ltr'><strong>hoste</strong></span> <span class='ocrx_word' id='word_1_56' title='bbox 1008 606 1059 647; x_wconf 89' lang='lat' dir='ltr'><strong>ad</strong></span> <span class='ocrx_word' id='word_1_57' title='bbox 1080 606 1356 647; x_wconf 88' lang='lat' dir='ltr'><strong>defectionem</strong></span> <span class='ocrx_word' id='word_1_58' title='bbox 1377 605 1531 645; x_wconf 89' lang='lat' dir='ltr'><strong>sollici-</strong></span> 
     </span>
     <span class='ocr_line' id='line_1_11' title="bbox 289 670 1527 729; baseline -0.003 -15"><span class='ocrx_word' id='word_1_59' title='bbox 289 677 391 729; x_wconf 78' lang='lat' dir='ltr'><strong>tata,</strong></span> <span class='ocrx_word' id='word_1_60' title='bbox 423 674 533 713; x_wconf 84' lang='lat' dir='ltr'><strong>fame</strong></span> <span class='ocrx_word' id='word_1_61' title='bbox 561 674 838 714; x_wconf 91' lang='lat' dir='ltr'><strong>tantummodo</strong></span> <span class='ocrx_word' id='word_1_62' title='bbox 882 674 973 726; x_wconf 91' lang='lat' dir='ltr'><strong>capi</strong></span> <span class='ocrx_word' id='word_1_63' title='bbox 1015 674 1145 725; x_wconf 89' lang='lat' dir='ltr'><strong>potuit</strong></span> <span class='ocrx_word' id='word_1_64' title='bbox 1189 671 1350 725; x_wconf 87' lang='lat' dir='ltr'><strong>(Livius</strong></span> <span class='ocrx_word' id='word_1_65' title='bbox 1379 670 1527 724; x_wconf 79' lang='lat'><strong>23,15)‚</strong></span> 
     </span>
     <span class='ocr_line' id='line_1_12' title="bbox 289 737 1526 793; baseline -0.002 -13"><span class='ocrx_word' id='word_1_66' title='bbox 289 743 498 793; x_wconf 87' lang='lat' dir='ltr'><strong>postremo</strong></span> <span class='ocrx_word' id='word_1_67' title='bbox 527 739 711 780; x_wconf 83' lang='lat' dir='ltr'><strong>Acerrae</strong></span> <span class='ocrx_word' id='word_1_68' title='bbox 741 751 829 780; x_wconf 90' lang='lat' dir='ltr'><strong>eam</strong></span> <span class='ocrx_word' id='word_1_69' title='bbox 859 738 978 779; x_wconf 86' lang='lat' dir='ltr'><strong>fidem</strong></span> <span class='ocrx_word' id='word_1_70' title='bbox 998 739 1292 792; x_wconf 80' lang='lat' dir='ltr'><strong>praestiterunt</strong></span> <span class='ocrx_word' id='word_1_71' title='bbox 1312 737 1526 783; x_wconf 90' lang='lat' dir='ltr'><strong>Romanis,</strong></span> 
     </span>
     <span class='ocr_line' id='line_1_13' title="bbox 288 798 1528 860; baseline -0.003 -14"><span class='ocrx_word' id='word_1_72' title='bbox 288 811 335 846; x_wconf 89' lang='lat' dir='ltr'><strong>ut</strong></span> <span class='ocrx_word' id='word_1_73' title='bbox 383 820 507 860; x_wconf 91' lang='lat' dir='ltr'><strong>quum</strong></span> <span class='ocrx_word' id='word_1_74' title='bbox 551 808 640 847; x_wconf 89' lang='lat' dir='ltr'><strong>sine</strong></span> <span class='ocrx_word' id='word_1_75' title='bbox 685 807 823 846; x_wconf 80' lang='lat' dir='ltr'><strong>fr’uctu</strong></span> <span class='ocrx_word' id='word_1_76' title='bbox 867 806 917 845; x_wconf 88' lang='lat' dir='ltr'><strong>ad</strong></span> <span class='ocrx_word' id='word_1_77' title='bbox 961 798 1236 845; x_wconf 85' lang='lat' dir='ltr'><strong>volontariam</strong></span> <span class='ocrx_word' id='word_1_78' title='bbox 1282 803 1528 844; x_wconf 86' lang='lat' dir='ltr'><strong>deditionem</strong></span> 
     </span>
     <span class='ocr_line' id='line_1_14' title="bbox 289 868 1528 926; baseline -0.004 -14"><span class='ocrx_word' id='word_1_79' title='bbox 289 872 608 926; x_wconf 73' lang='lat' dir='ltr'><strong>perficerentur,</strong></span> <span class='ocrx_word' id='word_1_80' title='bbox 637 872 679 911; x_wconf 85' lang='lat' dir='ltr'><strong>vi</strong></span> <span class='ocrx_word' id='word_1_81' title='bbox 714 871 872 912; x_wconf 90' lang='lat' dir='ltr'><strong>demum</strong></span> <span class='ocrx_word' id='word_1_82' title='bbox 917 871 1048 911; x_wconf 86' lang='lat' dir='ltr'><strong>victae</strong></span> <span class='ocrx_word' id='word_1_83' title='bbox 1092 870 1334 910; x_wconf 89' lang='lat' dir='ltr'><strong>ceciderint.</strong></span> <span class='ocrx_word' id='word_1_84' title='bbox 1368 868 1528 922; x_wconf 90' lang='lat' dir='ltr'><strong>(Livius</strong></span> 
     </span>
     <span class='ocr_line' id='line_1_15' title="bbox 289 936 1815 991; baseline -0.003 -13"><span class='ocrx_word' id='word_1_85' title='bbox 289 938 446 990; x_wconf 78' lang='lat'><strong>23,17).</strong></span> <span class='ocrx_word' id='word_1_86' title='bbox 477 940 593 984; x_wconf 85' lang='lat' dir='ltr'>Quae</span> <span class='ocrx_word' id='word_1_87' title='bbox 623 938 773 983; x_wconf 91' lang='lat' dir='ltr'><strong>omnia,</strong></span> <span class='ocrx_word' id='word_1_88' title='bbox 805 939 865 976; x_wconf 87' lang='lat' dir='ltr'><strong>uti</strong></span> <span class='ocrx_word' id='word_1_89' title='bbox 894 949 1017 988; x_wconf 87' lang='lat' dir='ltr'><strong>supra</strong></span> <span class='ocrx_word' id='word_1_90' title='bbox 1047 937 1284 980; x_wconf 89' lang='lat' dir='ltr'><strong>innuebam,</strong></span> <span class='ocrx_word' id='word_1_91' title='bbox 1315 948 1438 985; x_wconf 87' lang='lat' dir='ltr'><strong>quum</strong></span> <span class='ocrx_word' id='word_1_92' title='bbox 1468 936 1530 973; x_wconf 87' lang='lat' dir='ltr'><strong>in-</strong></span> <span class='ocrx_word' id='word_1_93' title='bbox 1800 960 1815 991; x_wconf 49' lang='grc' dir='ltr'>ᾇ</span> 
     </span>
     <span class='ocr_line' id='line_1_16' title="bbox 290 990 1815 1095; baseline -0.003 -54"><span class='ocrx_word' id='word_1_94' title='bbox 290 1002 561 1042; x_wconf 86' lang='lat' dir='ltr'><strong>clinationem</strong></span> <span class='ocrx_word' id='word_1_95' title='bbox 591 990 795 1042; x_wconf 83' lang='lat' dir='ltr'><strong>sociorum</strong></span> <span class='ocrx_word' id='word_1_96' title='bbox 824 1001 1064 1054; x_wconf 92' lang='lat' dir='ltr'><strong>populorum</strong></span> <span class='ocrx_word' id='word_1_97' title='bbox 1107 1002 1159 1040; x_wconf 88' lang='lat' dir='ltr'><strong>in</strong></span> <span class='ocrx_word' id='word_1_98' title='bbox 1187 1000 1325 1040; x_wconf 66' lang='lat' dir='ltr'><strong>hostes</strong></span> <span class='ocrx_word' id='word_1_99' title='bbox 1353 1000 1525 1038; x_wconf 86' lang='lat' dir='ltr'><strong>Romani</strong></span> <span class='ocrx_word' id='word_1_100' title='bbox 1705 991 1815 1095; x_wconf 33' lang='grc' dir='ltr'><strong>(ξ</strong></span> 
     </span>
     <span class='ocr_line' id='line_1_17' title="bbox 289 1059 1815 1120; baseline -0.004 -13"><span class='ocrx_word' id='word_1_101' title='bbox 289 1068 451 1119; x_wconf 84' lang='lat' dir='ltr'><strong>imperii</strong></span> <span class='ocrx_word' id='word_1_102' title='bbox 480 1068 522 1106; x_wconf 90' lang='lat' dir='ltr'><strong>in</strong></span> <span class='ocrx_word' id='word_1_103' title='bbox 552 1067 777 1119; x_wconf 84' lang='lat' dir='ltr'><strong>Campania</strong></span> <span class='ocrx_word' id='word_1_104' title='bbox 806 1068 882 1107; x_wconf 91' lang='lat' dir='ltr'><strong>sub</strong></span> <span class='ocrx_word' id='word_1_105' title='bbox 911 1066 1099 1106; x_wconf 83' lang='lat' dir='ltr'><strong>nuntium</strong></span> <span class='ocrx_word' id='word_1_106' title='bbox 1142 1065 1370 1107; x_wconf 84' lang='lat' dir='ltr'><strong>Cannensis</strong></span> <span class='ocrx_word' id='word_1_107' title='bbox 1401 1063 1530 1103; x_wconf 86' lang='lat' dir='ltr'><strong>cladis</strong></span> <span class='ocrx_word' id='word_1_108' title='bbox 1799 1059 1815 1120; x_wconf 39' lang='grc' dir='ltr'><strong>’ἡ</strong></span> 
     </span>
     <span class='ocr_line' id='line_1_18' title="bbox 288 1121 1815 1199; baseline -0.004 -27"><span class='ocrx_word' id='word_1_109' title='bbox 288 1135 476 1172; x_wconf 81' lang='lat' dir='ltr'><strong>exortam</strong></span> <span class='ocrx_word' id='word_1_110' title='bbox 519 1132 702 1184; x_wconf 91' lang='lat' dir='ltr'><strong>apprime</strong></span> <span class='ocrx_word' id='word_1_111' title='bbox 745 1135 969 1173; x_wconf 83' lang='lat' dir='ltr'><strong>testantur.</strong></span> <span class='ocrx_word' id='word_1_112' title='bbox 1003 1136 1087 1171; x_wconf 93' lang='lat' dir='ltr'><strong>tum</strong></span> <span class='ocrx_word' id='word_1_113' title='bbox 1129 1143 1230 1170; x_wconf 90' lang='lat' dir='ltr'><strong>vero</strong></span> <span class='ocrx_word' id='word_1_114' title='bbox 1271 1142 1352 1169; x_wconf 92' lang='lat' dir='ltr'><strong>non</strong></span> <span class='ocrx_word' id='word_1_115' title='bbox 1395 1129 1531 1168; x_wconf 88' lang='lat' dir='ltr'><strong>minus</strong></span> <span class='ocrx_word' id='word_1_116' title='bbox 1800 1121 1815 1199; x_wconf 58' lang='grc' dir='ltr'><strong>ξ,</strong></span> 
     </span>
     <span class='ocr_line' id='line_1_19' title="bbox 290 1197 1815 1271; baseline -0.003 -34"><span class='ocrx_word' id='word_1_117' title='bbox 290 1201 495 1237; x_wconf 86' lang='lat' dir='ltr'><strong>testantur</strong></span> <span class='ocrx_word' id='word_1_118' title='bbox 536 1199 848 1238; x_wconf 80' lang='lat' dir='ltr'><strong>conversionem</strong></span> <span class='ocrx_word' id='word_1_119' title='bbox 892 1198 1067 1236; x_wconf 89' lang='lat' dir='ltr'><strong>subitam</strong></span> <span class='ocrx_word' id='word_1_120' title='bbox 1113 1197 1364 1242; x_wconf 85' lang='lat' dir='ltr'><strong>animorum,</strong></span> <span class='ocrx_word' id='word_1_121' title='bbox 1409 1206 1528 1246; x_wconf 88' lang='lat' dir='ltr'><strong>quae,</strong></span> <span class='ocrx_word' id='word_1_122' title='bbox 1807 1216 1815 1271; x_wconf 54' lang='grc' dir='ltr'>ἔ</span> 
     </span>
     <span class='ocr_line' id='line_1_20' title="bbox 291 1262 1527 1314; baseline -0.002 -11"><span class='ocrx_word' id='word_1_123' title='bbox 291 1263 630 1303; x_wconf 86' lang='lat' dir='ltr'><strong>abalienationem</strong></span> <span class='ocrx_word' id='word_1_124' title='bbox 668 1264 782 1303; x_wconf 91' lang='lat' dir='ltr'><strong>illam</strong></span> <span class='ocrx_word' id='word_1_125' title='bbox 821 1262 931 1303; x_wconf 91' lang='lat' dir='ltr'><strong>haud</strong></span> <span class='ocrx_word' id='word_1_126' title='bbox 961 1262 1106 1303; x_wconf 83' lang='lat' dir='ltr'><strong>claudo</strong></span> <span class='ocrx_word' id='word_1_127' title='bbox 1149 1262 1249 1314; x_wconf 88' lang='lat' dir='ltr'><strong>pede</strong></span> <span class='ocrx_word' id='word_1_128' title='bbox 1294 1262 1527 1305; x_wconf 87' lang='lat' dir='ltr'><strong>subsecuta,</strong></span> 
     </span>
    </p>

    <p class='ocr_par' dir='ltr' id='par_1_3' title="bbox 292 1325 1531 1380">
     <span class='ocr_line' id='line_1_21' title="bbox 292 1325 1531 1380; baseline -0.002 -13"><span class='ocrx_word' id='word_1_129' title='bbox 292 1328 521 1380; x_wconf 87' lang='lat' dir='ltr'><strong>Campanos</strong></span> <span class='ocrx_word' id='word_1_130' title='bbox 551 1341 575 1368; x_wconf 94' lang='lat' dir='ltr'><strong>a</strong></span> <span class='ocrx_word' id='word_1_131' title='bbox 606 1329 1016 1379; x_wconf 82' lang='lat' dir='ltr'><strong>Carthaginiensium</strong></span> <span class='ocrx_word' id='word_1_132' title='bbox 1047 1327 1253 1367; x_wconf 88' lang='lat' dir='ltr'><strong>dominatu</strong></span> <span class='ocrx_word' id='word_1_133' title='bbox 1283 1339 1452 1366; x_wconf 87' lang='lat' dir='ltr'><strong>aversos</strong></span> <span class='ocrx_word' id='word_1_134' title='bbox 1481 1325 1531 1364; x_wconf 90' lang='lat' dir='ltr'><strong>ad</strong></span> 
     </span>
    </p>

    <p class='ocr_par' dir='ltr' id='par_1_4' title="bbox 291 1391 1532 1447">
     <span class='ocr_line' id='line_1_22' title="bbox 291 1391 1532 1447; baseline -0.001 -15"><span class='ocrx_word' id='word_1_135' title='bbox 291 1393 510 1447; x_wconf 87' lang='lat' dir='ltr'><strong>pristinam</strong></span> <span class='ocrx_word' id='word_1_136' title='bbox 540 1393 872 1434; x_wconf 84' lang='lat' dir='ltr'><strong>consuetudinem</strong></span> <span class='ocrx_word' id='word_1_137' title='bbox 904 1392 1229 1444; x_wconf 85' lang='lat' dir='ltr'><strong>desideriumque</strong></span> <span class='ocrx_word' id='word_1_138' title='bbox 1259 1396 1446 1432; x_wconf 88' lang='lat' dir='ltr'><strong>veterum</strong></span> <span class='ocrx_word' id='word_1_139' title='bbox 1467 1391 1532 1431; x_wconf 91' lang='lat' dir='ltr'><strong>do-</strong></span> 
     </span>
    </p>

    <p class='ocr_par' dir='ltr' id='par_1_5' title="bbox 291 1459 921 1498">
     <span class='ocr_line' id='line_1_23' title="bbox 291 1459 921 1498; baseline 0 -1"><span class='ocrx_word' id='word_1_140' title='bbox 291 1459 496 1498; x_wconf 88' lang='lat' dir='ltr'><strong>minorum</strong></span> <span class='ocrx_word' id='word_1_141' title='bbox 526 1460 674 1498; x_wconf 87' lang='lat' dir='ltr'><strong>iterum</strong></span> <span class='ocrx_word' id='word_1_142' title='bbox 704 1460 921 1498; x_wconf 84' lang='lat' dir='ltr'><strong>convertit.</strong></span> 
     </span>
    </p>

    <p class='ocr_par' dir='ltr' id='par_1_6' title="bbox 291 1522 1533 2433">
     <span class='ocr_line' id='line_1_24' title="bbox 347 1522 1530 1576; baseline 0 -14"><span class='ocrx_word' id='word_1_143' title='bbox 347 1522 465 1562; x_wconf 90' lang='lat' dir='ltr'><strong>Nunc</strong></span> <span class='ocrx_word' id='word_1_144' title='bbox 495 1535 574 1576; x_wconf 87' lang='lat' dir='ltr'><strong>quo</strong></span> <span class='ocrx_word' id='word_1_145' title='bbox 595 1524 675 1563; x_wconf 92' lang='lat' dir='ltr'><strong>iam</strong></span> <span class='ocrx_word' id='word_1_146' title='bbox 697 1536 784 1563; x_wconf 91' lang='lat' dir='ltr'><strong>rem</strong></span> <span class='ocrx_word' id='word_1_147' title='bbox 806 1523 1052 1563; x_wconf 90' lang='lat' dir='ltr'><strong>deducturus</strong></span> <span class='ocrx_word' id='word_1_148' title='bbox 1073 1524 1148 1562; x_wconf 89' lang='lat' dir='ltr'><strong>sim</strong></span> <span class='ocrx_word' id='word_1_149' title='bbox 1170 1522 1384 1574; x_wconf 87' lang='lat' dir='ltr'><strong>intelligis:</strong></span> <span class='ocrx_word' id='word_1_150' title='bbox 1407 1533 1530 1576; x_wconf 88' lang='lat' dir='ltr'><strong>quum</strong></span> 
     </span>
     <span class='ocr_line' id='line_1_25' title="bbox 293 1589 1528 1640; baseline -0.001 -12"><span class='ocrx_word' id='word_1_151' title='bbox 293 1590 402 1629; x_wconf 87' lang='lat' dir='ltr'><strong>enim</strong></span> <span class='ocrx_word' id='word_1_152' title='bbox 425 1589 530 1629; x_wconf 89' lang='lat' dir='ltr'><strong>haec</strong></span> <span class='ocrx_word' id='word_1_153' title='bbox 551 1590 608 1629; x_wconf 86' lang='lat' dir='ltr'><strong>ita</strong></span> <span class='ocrx_word' id='word_1_154' title='bbox 631 1602 674 1630; x_wconf 89' lang='lat' dir='ltr'><strong>se</strong></span> <span class='ocrx_word' id='word_1_155' title='bbox 695 1602 740 1629; x_wconf 94' lang='lat' dir='ltr'><strong>se</strong></span> <span class='ocrx_word' id='word_1_156' title='bbox 760 1590 951 1637; x_wconf 86' lang='lat' dir='ltr'><strong>habeant,</strong></span> <span class='ocrx_word' id='word_1_157' title='bbox 974 1602 1112 1629; x_wconf 93' lang='lat' dir='ltr'><strong>nonne</strong></span> <span class='ocrx_word' id='word_1_158' title='bbox 1132 1591 1259 1629; x_wconf 88' lang='lat' dir='ltr'><strong>sentis</strong></span> <span class='ocrx_word' id='word_1_159' title='bbox 1288 1589 1528 1640; x_wconf 79' lang='lat' dir='ltr'><strong>particulam</strong></span> 
     </span>
     <span class='ocr_line' id='line_1_26' title="bbox 291 1653 1529 1707; baseline -0.001 -14"><span class='ocrx_word' id='word_1_160' title='bbox 291 1653 406 1693; x_wconf 87' lang='lat' dir='ltr'><strong>illam</strong></span> <span class='ocrx_word' id='word_1_161' title='bbox 435 1665 603 1705; x_wconf 79' lang='lat' dir='ltr'><strong>quoque</strong></span> <span class='ocrx_word' id='word_1_162' title='bbox 632 1654 870 1706; x_wconf 85' lang='lat' dir='ltr'><strong>significare</strong></span> <span class='ocrx_word' id='word_1_163' title='bbox 892 1655 1018 1695; x_wconf 89' lang='lat' dir='ltr'><strong>fuisse</strong></span> <span class='ocrx_word' id='word_1_164' title='bbox 1040 1655 1082 1694; x_wconf 93' lang='lat' dir='ltr'><strong>in</strong></span> <span class='ocrx_word' id='word_1_165' title='bbox 1102 1654 1321 1707; x_wconf 88' lang='lat' dir='ltr'><strong>Campania</strong></span> <span class='ocrx_word' id='word_1_166' title='bbox 1342 1654 1529 1693; x_wconf 84' lang='lat' dir='ltr'><strong>civitates</strong></span> 
     </span>
     <span class='ocr_line' id='line_1_27' title="bbox 291 1718 1531 1772; baseline -0.001 -14"><span class='ocrx_word' id='word_1_167' title='bbox 291 1718 500 1771; x_wconf 84' lang='lat' dir='ltr'><strong>quasdam,</strong></span> <span class='ocrx_word' id='word_1_168' title='bbox 532 1732 632 1772; x_wconf 89' lang='lat' dir='ltr'><strong>quas</strong></span> <span class='ocrx_word' id='word_1_169' title='bbox 660 1724 752 1772; x_wconf 92' lang='lat' dir='ltr'><strong>post</strong></span> <span class='ocrx_word' id='word_1_170' title='bbox 780 1724 970 1772; x_wconf 86' lang='lat' dir='ltr'><strong>acceptos</strong></span> <span class='ocrx_word' id='word_1_171' title='bbox 1013 1721 1123 1760; x_wconf 89' lang='lat' dir='ltr'><strong>intra</strong></span> <span class='ocrx_word' id='word_1_172' title='bbox 1159 1720 1322 1759; x_wconf 90' lang='lat' dir='ltr'><strong>moenia</strong></span> <span class='ocrx_word' id='word_1_173' title='bbox 1360 1719 1531 1758; x_wconf 85' lang='lat' dir='ltr'><strong>Cartha-</strong></span> 
     </span>
     <span class='ocr_line' id='line_1_28' title="bbox 293 1783 1531 1837; baseline 0 -14"><span class='ocrx_word' id='word_1_174' title='bbox 293 1783 508 1836; x_wconf 87' lang='lat' dir='ltr'><strong>ginienses</strong></span> <span class='ocrx_word' id='word_1_175' title='bbox 538 1784 638 1824; x_wconf 87' lang='lat' dir='ltr'><strong>facti</strong></span> <span class='ocrx_word' id='word_1_176' title='bbox 666 1787 931 1836; x_wconf 88' lang='lat' dir='ltr'><strong>poenituerit,</strong></span> <span class='ocrx_word' id='word_1_177' title='bbox 963 1798 1148 1837; x_wconf 86' lang='lat' dir='ltr'><strong>quaeque</strong></span> <span class='ocrx_word' id='word_1_178' title='bbox 1179 1786 1305 1836; x_wconf 89' lang='lat' dir='ltr'><strong>igitur</strong></span> <span class='ocrx_word' id='word_1_179' title='bbox 1327 1785 1401 1823; x_wconf 89' lang='lat' dir='ltr'><strong>sub</strong></span> <span class='ocrx_word' id='word_1_180' title='bbox 1430 1797 1531 1824; x_wconf 89' lang='lat' dir='ltr'><strong>nun-</strong></span> 
     </span>
     <span class='ocr_line' id='line_1_29' title="bbox 292 1850 1531 1904; baseline 0.001 -14"><span class='ocrx_word' id='word_1_181' title='bbox 292 1850 394 1891; x_wconf 83' lang='lat' dir='ltr'><strong>tium</strong></span> <span class='ocrx_word' id='word_1_182' title='bbox 423 1850 836 1904; x_wconf 88' lang='lat' dir='ltr'><strong>appropinquantium</strong></span> <span class='ocrx_word' id='word_1_183' title='bbox 867 1852 1124 1892; x_wconf 86' lang='lat' dir='ltr'><strong>exercituum</strong></span> <span class='ocrx_word' id='word_1_184' title='bbox 1153 1851 1435 1892; x_wconf 84' lang='lat' dir='ltr'><strong>Romanorum</strong></span> <span class='ocrx_word' id='word_1_185' title='bbox 1463 1863 1531 1891; x_wconf 92' lang='lat' dir='ltr'><strong>co-</strong></span> 
     </span>
     <span class='ocr_line' id='line_1_30' title="bbox 293 1918 1530 1970; baseline 0.001 -13"><span class='ocrx_word' id='word_1_186' title='bbox 293 1922 417 1958; x_wconf 88' lang='lat' dir='ltr'><strong>natae</strong></span> <span class='ocrx_word' id='word_1_187' title='bbox 446 1931 520 1969; x_wconf 92' lang='lat' dir='ltr'><strong>pro</strong></span> <span class='ocrx_word' id='word_1_188' title='bbox 546 1919 660 1958; x_wconf 90' lang='lat' dir='ltr'><strong>virili</strong></span> <span class='ocrx_word' id='word_1_189' title='bbox 690 1920 771 1958; x_wconf 87' lang='lat' dir='ltr'><strong>sint</strong></span> <span class='ocrx_word' id='word_1_190' title='bbox 800 1924 914 1970; x_wconf 86' lang='lat' dir='ltr'><strong>parte</strong></span> <span class='ocrx_word' id='word_1_191' title='bbox 944 1923 1087 1958; x_wconf 90' lang='lat' dir='ltr'><strong>contra</strong></span> <span class='ocrx_word' id='word_1_192' title='bbox 1117 1919 1374 1970; x_wconf 86' lang='lat' dir='ltr'><strong>alienigenas</strong></span> <span class='ocrx_word' id='word_1_193' title='bbox 1404 1918 1530 1958; x_wconf 83' lang='lat' dir='ltr'><strong>Afros</strong></span> 
     </span>
     <span class='ocr_line' id='line_1_31' title="bbox 293 1982 1529 2036; baseline 0.002 -15"><span class='ocrx_word' id='word_1_194' title='bbox 293 1993 361 2022; x_wconf 87' lang='lat' dir='ltr'><strong>res</strong></span> <span class='ocrx_word' id='word_1_195' title='bbox 390 1982 559 2023; x_wconf 71' lang='lat' dir='ltr'><strong>moliri?</strong></span> <span class='ocrx_word' id='word_1_196' title='bbox 589 1982 784 2024; x_wconf 88' lang='lat' dir='ltr'><strong>Arbitror</strong></span> <span class='ocrx_word' id='word_1_197' title='bbox 822 1984 980 2024; x_wconf 88' lang='lat' dir='ltr'><strong>scilicet</strong></span> <span class='ocrx_word' id='word_1_198' title='bbox 1027 1982 1152 2036; x_wconf 87' lang='lat' dir='ltr'><strong>(finge</strong></span> <span class='ocrx_word' id='word_1_199' title='bbox 1195 1985 1268 2024; x_wconf 87' lang='lat' dir='ltr'><strong>tibi</strong></span> <span class='ocrx_word' id='word_1_200' title='bbox 1311 1984 1444 2024; x_wconf 87' lang='lat' dir='ltr'><strong>animo</strong></span> <span class='ocrx_word' id='word_1_201' title='bbox 1483 1996 1529 2024; x_wconf 90' lang='lat' dir='ltr'><strong>ea</strong></span> 
     </span>
     <span class='ocr_line' id='line_1_32' title="bbox 293 2048 1528 2102; baseline 0.002 -15"><span class='ocrx_word' id='word_1_202' title='bbox 293 2048 433 2088; x_wconf 90' lang='lat' dir='ltr'><strong>omnia</strong></span> <span class='ocrx_word' id='word_1_203' title='bbox 463 2060 567 2101; x_wconf 89' lang='lat' dir='ltr'><strong>quae</strong></span> <span class='ocrx_word' id='word_1_204' title='bbox 597 2053 692 2089; x_wconf 89' lang='lat' dir='ltr'><strong>tunc</strong></span> <span class='ocrx_word' id='word_1_205' title='bbox 721 2049 960 2090; x_wconf 85' lang='lat' dir='ltr'><strong>acciderunt</strong></span> <span class='ocrx_word' id='word_1_206' title='bbox 980 2062 1164 2102; x_wconf 86' lang='lat' dir='ltr'><strong>quaeque</strong></span> <span class='ocrx_word' id='word_1_207' title='bbox 1185 2051 1424 2102; x_wconf 85' lang='lat' dir='ltr'><strong>singillatim</strong></span> <span class='ocrx_word' id='word_1_208' title='bbox 1445 2063 1528 2090; x_wconf 93' lang='lat' dir='ltr'><strong>non</strong></span> 
     </span>
     <span class='ocr_line' id='line_1_33' title="bbox 294 2114 1532 2168; baseline 0.002 -14"><span class='ocrx_word' id='word_1_209' title='bbox 294 2117 357 2155; x_wconf 85' lang='lat' dir='ltr'><strong>est</strong></span> <span class='ocrx_word' id='word_1_210' title='bbox 384 2114 523 2154; x_wconf 85' lang='lat' dir='ltr'><strong>Livius</strong></span> <span class='ocrx_word' id='word_1_211' title='bbox 552 2117 812 2168; x_wconf 86' lang='lat' dir='ltr'><strong>persecutus)</strong></span> <span class='ocrx_word' id='word_1_212' title='bbox 843 2115 970 2156; x_wconf 87' lang='lat' dir='ltr'><strong>verba</strong></span> <span class='ocrx_word' id='word_1_213' title='bbox 999 2116 1104 2156; x_wconf 86' lang='lat' dir='ltr'><strong>Livii</strong></span> <span class='ocrx_word' id='word_1_214' title='bbox 1135 2116 1216 2157; x_wconf 90' lang='lat' dir='ltr'><strong>huc</strong></span> <span class='ocrx_word' id='word_1_215' title='bbox 1245 2115 1405 2158; x_wconf 90' lang='lat' dir='ltr'><strong>demum</strong></span> <span class='ocrx_word' id='word_1_216' title='bbox 1426 2117 1532 2157; x_wconf 86' lang='lat' dir='ltr'><strong>reci-</strong></span> 
     </span>
     <span class='ocr_line' id='line_1_34' title="bbox 294 2179 1530 2233; baseline 0.003 -14"><span class='ocrx_word' id='word_1_217' title='bbox 294 2179 412 2221; x_wconf 88' lang='lat' dir='ltr'><strong>dere:</strong></span> <span class='ocrx_word' id='word_1_218' title='bbox 447 2180 489 2220; x_wconf 92' lang='lat' dir='ltr'><strong>in</strong></span> <span class='ocrx_word' id='word_1_219' title='bbox 519 2181 798 2233; x_wconf 87' lang='lat' dir='ltr'><strong>compluribus</strong></span> <span class='ocrx_word' id='word_1_220' title='bbox 830 2183 1076 2233; x_wconf 86' lang='lat' dir='ltr'><strong>Campaniae</strong></span> <span class='ocrx_word' id='word_1_221' title='bbox 1107 2182 1209 2223; x_wconf 90' lang='lat' dir='ltr'><strong>locis</strong></span> <span class='ocrx_word' id='word_1_222' title='bbox 1253 2187 1363 2223; x_wconf 89' lang='lat' dir='ltr'><strong>ortos</strong></span> <span class='ocrx_word' id='word_1_223' title='bbox 1405 2183 1530 2223; x_wconf 83' lang='lat' dir='ltr'><strong>fuisse·</strong></span> 
     </span>
     <span class='ocr_line' id='line_1_35' title="bbox 294 2245 1533 2303; baseline 0.005 -20"><span class='ocrx_word' id='word_1_224' title='bbox 294 2246 441 2300; x_wconf 83' lang='lat' dir='ltr'><strong>contra</strong></span> <span class='ocrx_word' id='word_1_225' title='bbox 470 2245 838 2299; x_wconf 88' lang='lat' dir='ltr'><strong>Carthaginienses</strong></span> <span class='ocrx_word' id='word_1_226' title='bbox 867 2251 1012 2296; x_wconf 89' lang='lat' dir='ltr'><strong>motus,</strong></span> <span class='ocrx_word' id='word_1_227' title='bbox 1043 2248 1191 2303; x_wconf 76' lang='lat' dir='ltr'><strong>quibus</strong></span> <span class='ocrx_word' id='word_1_228' title='bbox 1226 2247 1348 2289; x_wconf 91' lang='lat' dir='ltr'><strong>rebus</strong></span> <span class='ocrx_word' id='word_1_229' title='bbox 1377 2260 1533 2303; x_wconf 92' lang='lat' dir='ltr'><strong>permo-</strong></span> 
     </span>
     <span class='ocr_line' id='line_1_36' title="bbox 295 2312 1531 2368; baseline 0.005 -18"><span class='ocrx_word' id='word_1_230' title='bbox 295 2313 380 2350; x_wconf 83' lang='lat' dir='ltr'><strong>tum</strong></span> <span class='ocrx_word' id='word_1_231' title='bbox 425 2314 465 2351; x_wconf 92' lang='lat' dir='ltr'><strong>et</strong></span> <span class='ocrx_word' id='word_1_232' title='bbox 507 2312 793 2363; x_wconf 85' lang='lat' dir='ltr'><strong>perturbatum</strong></span> <span class='ocrx_word' id='word_1_233' title='bbox 836 2312 1113 2354; x_wconf 89' lang='lat' dir='ltr'><strong>Hannibalem</strong></span> <span class='ocrx_word' id='word_1_234' title='bbox 1162 2315 1340 2368; x_wconf 84' lang='lat' dir='ltr'><strong>coepisse</strong></span> <span class='ocrx_word' id='word_1_235' title='bbox 1384 2328 1531 2367; x_wconf 86' lang='lat' dir='ltr'><strong>magno</strong></span> 
     </span>
     <span class='ocr_line' id='line_1_37' title="bbox 294 2377 1533 2433; baseline 0.005 -17"><span class='ocrx_word' id='word_1_236' title='bbox 294 2386 419 2430; x_wconf 88' lang='lat' dir='ltr'><strong>opere</strong></span> <span class='ocrx_word' id='word_1_237' title='bbox 448 2377 597 2426; x_wconf 88' lang='lat' dir='ltr'><strong>vereri,</strong></span> <span class='ocrx_word' id='word_1_238' title='bbox 636 2390 688 2418; x_wconf 91' lang='lat' dir='ltr'><strong>ne</strong></span> <span class='ocrx_word' id='word_1_239' title='bbox 728 2378 890 2431; x_wconf 81' lang='lat' dir='ltr'><strong>Capuae</strong></span> <span class='ocrx_word' id='word_1_240' title='bbox 929 2392 1087 2433; x_wconf 87' lang='lat' dir='ltr'><strong>quoque</strong></span> <span class='ocrx_word' id='word_1_241' title='bbox 1123 2378 1264 2421; x_wconf 89' lang='lat' dir='ltr'><strong>seditio</strong></span> <span class='ocrx_word' id='word_1_242' title='bbox 1308 2379 1439 2422; x_wconf 86' lang='lat' dir='ltr'><strong>fieret.</strong></span> <span class='ocrx_word' id='word_1_243' title='bbox 1472 2380 1533 2422; x_wconf 83' lang='lat' dir='ltr'><strong>Si·</strong></span> 
     </span>
    </p>
   </div>
   <div class='ocr_carea' id='block_1_3' title="bbox 1532 1482 1815 2973">
    <p class='ocr_par' dir='ltr' id='par_1_7' title="bbox 1532 1482 1815 2973">
     <span class='ocr_line' id='line_1_38' title="bbox 1532 1482 1815 2973; baseline 0 0"><span class='ocrx_word' id='word_1_244' title='bbox 1532 1482 1815 2973; x_wconf 95' lang='lat' dir='ltr'><strong> </strong></span> 
     </span>
    </p>
   </div>
  </div>
 </body>
</html>
