1815 2973
0 2313 23 2365 <;„-
0 2247 22 2307 ,ινα-ρ
14 2229 16 2231 ,
0 2200 17 2219 5«-

468 183 474 186 '
571 228 577 233 ⁵
603 179 659 222 ui?
670 166 933 222 naumain-11
952 195 1026 223 nm
1047 185 1101 226 21,
1116 163 1196 220 1420
1427 185 1472 219 59

216 261 241 267 ”
276 274 350 321 'pne
377 238 525 308 tribusvv
533 261 712 309 millibus
740 262 929 304 ducentis
955 243 1144 317 talentis,
1174 265 1219 302 ut
1246 273 1381 315 nuper
1405 263 1513 315 pacti

169 320 172 324 ’
219 329 457 377 svfuerauss
479 325 583 381 (Pol.
605 326 774 375 3‚27‚5),
804 331 1000 380 quattuor
1046 328 1157 368 milia
1200 328 1486 381 imposuerunt
1505 358 1516 369 .

280 392 452 434 Easdem
480 393 606 444 igitur
633 392 733 432 belli
752 399 921 441 causas,
950 395 986 433 si
1004 395 1215 446 utriusque
1236 394 1364 433 verba
1388 394 1515 446 probe

282 459 487 507 conferas,
516 458 675 498 videbis
707 458 813 511 apud
841 459 1056 512 Polybium
1076 463 1197 513 atque
1226 459 1330 513 apud
1349 460 1511 501 Livium

282 524 437 565 afferri.
461 525 568 568 Quin
586 524 708 563 immo
733 527 871 564 tantus
891 529 952 563 est
970 525 1058 564 Pol.
1079 525 1122 563 in
1141 526 1290 564 ceteris
1308 525 1515 565 historicis

282 588 595 641 redarguendis,
618 592 664 627 ut
682 589 782 628 mihi
802 589 991 629 videatur
1018 590 1102 640 ipse
1122 591 1276 640 primus
1297 591 1514 642 cogitando

281 654 507 705 repperisse
526 653 650 700 hasce
674 665 822 693 causas
843 665 945 703 quas
966 652 1085 692 affert
1102 653 1203 692 belli
1222 666 1230 692 :
1263 655 1369 706 quod
1398 656 1434 694 si
1457 657 1512 695 ita

280 721 342 758 est
363 719 442 757 iam
458 718 545 757 Pol.
565 718 743 769 vestigia
764 717 872 769 apud
892 718 983 757 Liv.
1007 718 1234 758 certissima
1255 723 1368 766 sunt;
1391 733 1514 772 quum

279 783 521 834 praesertim
539 782 644 834 apud
661 783 882 833 scriptores
901 782 1127 828 Romanos,
1150 783 1220 833 qui
1235 787 1280 821 ut
1295 783 1515 835 plurimum

279 848 452 888 Fabium
473 848 675 887 Pictorem
697 851 811 888 certe
832 851 927 887 sunt
943 849 1085 895 secuti,
1103 847 1210 900 (eum
1225 852 1360 888 autem
1380 849 1515 890 redar-

281 915 369 965 guit
386 912 474 953 Pol.
499 912 600 966 3,8)‚
620 913 810 952 diversae
831 926 980 953 causae
1001 915 1232 953 necessario
1252 914 1402 953 allatae
1422 917 1517 955 sint.

295 1003 303 1012 -
348 1004 351 1007 «
387 970 461 1019 ΧΙ.
489 978 574 1018 Liv.
606 978 716 1026 212.
749 978 874 1020 Gesta
905 979 1153 1020 Hamilcaris
1172 983 1211 1019 et
1229 979 1514 1029 Hasdrubalis,

281 1045 454 1084 alterius
474 1048 582 1095 -post
624 1044 798 1082 alterum
842 1045 954 1083 ducis
993 1046 1036 1082 in
1073 1045 1267 1096 Hispania
1302 1045 1520 1098 Carthagi-

282 1110 497 1156 niensium,
530 1110 608 1150 hoc
637 1111 768 1161 capite
808 1110 1083 1150 continentur.
1115 1109 1298 1161 Namque
1337 1111 1520 1152 Cartha-

284 1176 504 1227 ginienses,
528 1179 618 1226 post
645 1176 817 1225 primum
839 1175 1037 1214 Punicum
1057 1174 1223 1221 bellum,
1248 1174 1518 1224 decreverant

282 1240 522 1292 Hispaniam
553 1240 755 1292 subigere,
785 1241 970 1292 paraturi
1005 1241 1163 1280 scilicet
1192 1253 1281 1279 sese
1319 1240 1369 1280 ad
1406 1241 1518 1280 aliud

283 1316 373 1344 eum
401 1305 598 1357 Romanis
627 1304 794 1343 bellum.
830 1304 940 1349 Quae
979 1304 1047 1344 hic
1085 1315 1244 1356 quoque
1283 1305 1390 1344 inter
1431 1304 1518 1345 Pol.

282 1375 323 1410 et
349 1371 437 1411 Liv.
470 1358 701 1410 intercedat:=
723 1371 841 1418 ratio,
871 1371 1010 1423 paucis
1046 1371 1184 1409 verbis
1215 1370 1396 1410 arbitror
1425 1371 1517 1411 luce

281 1437 435 1475 clarius
466 1436 737 1476 demonstrari
764 1448 897 1487 posse.
930 1436 1078 1474 Fusius
1098 1424 1103 1428 ’
1121 1436 1314 1474 nimirum
1358 1439 1520 1475 veteres

281 1501 470 1541 historici
498 1514 566 1541 res
595 1501 844 1540 Hamilcaris
871 1505 918 1549 *et
951 1500 1218 1540 Hasdrubalis
1249 1501 1292 1539 in
1320 1501 1516 1553 Hispania

280 1568 486 1618 persecuti
506 1570 614 1612 sunt,
646 1571 690 1605 ut
724 1565 921 1617 hodieque
951 1569 1112 1605 constat
1132 1566 1255 1604 exiis
1276 1577 1377 1616 quae
1398 1566 1517 1605 etiam

281 1643 392 1671 nunc
428 1631 534 1684 apud
577 1630 812 1678 Diodorum,
843 1634 887 1670 ut
915 1643 1009 1675 mox
1039 1629 1205 1679 docebo,
1237 1630 1445 1684 leguntur.
1477 1631 1511 1671 E

282 1698 489 1737 contrario
517 1709 717 1747 perpauca
738 1696 786 1736 de
807 1696 950 1735 iisdem
971 1697 1092 1735 rebus
1112 1696 1279 1735 tradidit
1297 1697 1510 1748 Polybius:

282 1760 411 1812 (3,1,6
441 1773 551 1813 seqq.
581 1765 625 1799 ut
651 1761 862 1800 Hamilcar
891 1761 1019 1800 multa
1048 1761 1090 1799 in
1119 1760 1316 1812 Hispania
1335 1762 1511 1812 gesserit

283 1827 526 1877 fortiterque
556 1826 680 1865 vitam
710 1827 904 1864 amiserit.
928 1825 1022 1872 213
1060 1825 1394 1876 quemadmodum
1431 1826 1513 1865 Ha-

282 1890 448 1930 sdrubal
465 1891 590 1929 multa
606 1890 743 1929 itidem
760 1891 936 1942 gesserit
956 1890 1025 1937 ibi,
1044 1889 1419 1943 Carthaginemque
1439 1890 1515 1930 No-

282 1969 376 1996 vam
407 1956 644 2004 condiderit,
675 1956 898 2008 foedusque
922 1968 1012 1995 cum
1033 1956 1230 1995 Romanis
1260 1957 1396 1996 icerit.
1421 1956 1514 2003 236

283 2022 616 2075 quemadmodum
645 2022 879 2063 Hasdrubal
918 2034 942 2062 a
981 2020 1099 2062 Gallo
1129 2020 1323 2074 quodam,
1353 2022 1514 2074 privato

281 2088 457 2136 homine,
479 2089 606 2128 fuerit
620 2088 900 2142 interfectus).
923 2087 1066 2128 Itidem
1086 2100 1289 2141 perpauca
1304 2087 1430 2127 tradit
1447 2088 1515 2127 Li-

283 2156 375 2192 vius
396 2153 444 2193 de
465 2154 609 2194 iisdem
638 2154 773 2208 rebus.
793 2153 870 2194 Sed
890 2166 972 2193 non
992 2153 1109 2193 modo
1125 2165 1339 2206 perpauca,
1355 2164 1511 2200 verum,

282 2219 323 2258 id
343 2209 448 2271 quod
477 2220 556 2259 huc
586 2221 735 2272 optime
765 2221 881 2267 facit,
904 2221 1052 2260 eadem
1073 2220 1180 2259 fere.
1205 2219 1358 2258 Eadem
1378 2223 1515 2258 autem

278 2284 387 2335 'apud
416 2284 576 2324 Livium
604 2288 724 2337 atque
754 2284 858 2337 apud
887 2285 1098 2337 Polybium
1128 2288 1271 2323 extare
1307 2284 1382 2323 tihi
1415 2294 1519 2336 per-

283 2349 467 2389 suadebis
496 2349 708 2389 dummodo
737 2351 931 2389 conferas
961 2350 1094 2390 locum
1124 2350 1229 2389 Livii
1258 2362 1381 2401 supra
1415 2350 1519 2389 alla-

281 2418 367 2454 tum
396 2427 484 2454 cum
513 2414 614 2455 locis
643 2415 805 2468 Polybii
825 2411 955 2469 nuper
982 2415 1130 2456 citatis.
1156 2414 1273 2463 Quod
1295 2415 1329 2455 si
1349 2415 1516 2457 brevior
