<?xml version="1.0" encoding="UTF-8"?>
<!DOCTYPE html PUBLIC "-//W3C//DTD XHTML 1.0 Transitional//EN"
    "http://www.w3.org/TR/xhtml1/DTD/xhtml1-transitional.dtd">
<html xmlns="http://www.w3.org/1999/xhtml" xml:lang="en" lang="en">
 <head>
  <title>
</title>
<meta http-equiv="Content-Type" content="text/html;charset=utf-8" />
  <meta name='ocr-system' content='tesseract 3.04.00' />
  <meta name='ocr-capabilities' content='ocr_page ocr_carea ocr_par ocr_line ocrx_word'/>
</head>
<body>
  <div class='ocr_page' id='page_1' title='image "4737923_0062.png"; bbox 0 0 1815 2973; ppageno 0'>
   <div class='ocr_carea' id='block_1_1' title="bbox 344 156 1232 213">
    <p class='ocr_par' dir='ltr' id='par_1_1' title="bbox 344 156 1232 213">
     <span class='ocr_line' id='line_1_1' title="bbox 344 156 1232 213; baseline -0.002 -6"><span class='ocrx_word' id='word_1_1' title='bbox 344 170 390 207; x_wconf 84' lang='lat'><strong>52</strong></span> <span class='ocrx_word' id='word_1_2' title='bbox 645 165 690 207; x_wconf 68' lang='lat' dir='ltr'><strong>nn</strong></span> <span class='ocrx_word' id='word_1_3' title='bbox 713 179 883 207; x_wconf 63' lang='lat' dir='ltr'><strong>seuvinus</strong></span> <span class='ocrx_word' id='word_1_4' title='bbox 904 165 978 205; x_wconf 73' lang='lat' dir='ltr'><strong>‘ti-&#39;1⁴1</strong></span> <span class='ocrx_word' id='word_1_5' title='bbox 990 156 1075 208; x_wconf 45' lang='grc' dir='ltr'><strong>ἰἰτι</strong></span> <span class='ocrx_word' id='word_1_6' title='bbox 1094 171 1128 213; x_wconf 81' lang='lat'><strong>2.</strong></span> <span class='ocrx_word' id='word_1_7' title='bbox 1142 156 1232 206; x_wconf 51' lang='lat'><strong>1320&amp;</strong></span> 
     </span>
    </p>
   </div>
   <div class='ocr_carea' id='block_1_2' title="bbox 1067 0 1815 236">
    <p class='ocr_par' dir='ltr' id='par_1_2' title="bbox 1067 0 1815 236">
     <span class='ocr_line' id='line_1_2' title="bbox 1067 0 1815 236; baseline 0 0"><span class='ocrx_word' id='word_1_8' title='bbox 1067 0 1815 236; x_wconf 95' lang='lat' dir='ltr'><strong>   </strong></span> 
     </span>
    </p>
   </div>
   <div class='ocr_carea' id='block_1_3' title="bbox 301 223 1668 305">
    <p class='ocr_par' dir='ltr' id='par_1_3' title="bbox 301 223 1668 305">
     <span class='ocr_line' id='line_1_3' title="bbox 301 223 1668 305; baseline 0.002 -17"><span class='ocrx_word' id='word_1_9' title='bbox 301 251 332 288; x_wconf 83' lang='lat'><strong>&#39;«</strong></span> <span class='ocrx_word' id='word_1_10' title='bbox 360 248 510 291; x_wconf 90' lang='lat' dir='ltr'><strong>deinde</strong></span> <span class='ocrx_word' id='word_1_11' title='bbox 538 260 695 298; x_wconf 87' lang='lat' dir='ltr'><strong>mense,</strong></span> <span class='ocrx_word' id='word_1_12' title='bbox 725 260 848 301; x_wconf 88' lang='lat' dir='ltr'><strong>quam</strong></span> <span class='ocrx_word' id='word_1_13' title='bbox 876 248 929 288; x_wconf 84' lang='lat' dir='ltr'><strong>ab</strong></span> <span class='ocrx_word' id='word_1_14' title='bbox 958 247 1212 302; x_wconf 78' lang='lat' dir='ltr'><strong>Carthagine</strong></span> <span class='ocrx_word' id='word_1_15' title='bbox 1238 241 1447 302; x_wconf 74' lang='lat' dir='ltr'><strong>profectus</strong></span> <span class='ocrx_word' id='word_1_16' title='bbox 1476 250 1545 298; x_wconf 61' lang='lat' dir='ltr'><strong>sit,</strong></span> <span class='ocrx_word' id='word_1_17' title='bbox 1593 223 1600 265; x_wconf 47' lang='lat' dir='ltr'><em>s</em></span> <span class='ocrx_word' id='word_1_18' title='bbox 1662 292 1668 305; x_wconf 61' lang='grc'>,</span> 
     </span>
    </p>
   </div>
   <div class='ocr_carea' id='block_1_4' title="bbox 303 304 1548 2133">
    <p class='ocr_par' dir='ltr' id='par_1_4' title="bbox 306 304 1548 695">
     <span class='ocr_line' id='line_1_4' title="bbox 306 304 1548 366; baseline 0.003 -14"><span class='ocrx_word' id='word_1_19' title='bbox 306 329 328 352; x_wconf 82' lang='lat'><strong>«</strong></span> <span class='ocrx_word' id='word_1_20' title='bbox 348 313 403 354; x_wconf 70' lang='lat' dir='ltr'><strong>in</strong></span> <span class='ocrx_word' id='word_1_21' title='bbox 431 313 593 355; x_wconf 90' lang='lat' dir='ltr'><strong>Italiam</strong></span> <span class='ocrx_word' id='word_1_22' title='bbox 621 304 859 366; x_wconf 81' lang='lat' dir='ltr'><strong>pervenisse</strong></span> <span class='ocrx_word' id='word_1_23' title='bbox 889 320 912 350; x_wconf 65' lang='grc' dir='ltr'><strong>ἰν</strong></span> <span class='ocrx_word' id='word_1_24' title='bbox 953 311 1026 366; x_wconf 84' lang='lat' dir='ltr'><strong>(cf.</strong></span> <span class='ocrx_word' id='word_1_25' title='bbox 1058 311 1204 365; x_wconf 83' lang='lat' dir='ltr'><strong>Polyb.</strong></span> <span class='ocrx_word' id='word_1_26' title='bbox 1246 311 1421 366; x_wconf 82' lang='lat'><strong>3,56‚3).</strong></span> <span class='ocrx_word' id='word_1_27' title='bbox 1466 313 1548 355; x_wconf 86' lang='lat' dir='ltr'><strong>Se-</strong></span> 
     </span>
     <span class='ocr_line' id='line_1_5' title="bbox 307 377 1543 433; baseline 0 -13"><span class='ocrx_word' id='word_1_28' title='bbox 307 379 447 433; x_wconf 83' lang='lat' dir='ltr'><strong>quitur</strong></span> <span class='ocrx_word' id='word_1_29' title='bbox 489 377 636 420; x_wconf 90' lang='lat' dir='ltr'><strong>deinde</strong></span> <span class='ocrx_word' id='word_1_30' title='bbox 678 377 981 431; x_wconf 84' lang='lat' dir='ltr'><strong>argumentatio</strong></span> <span class='ocrx_word' id='word_1_31' title='bbox 1022 377 1221 431; x_wconf 85' lang='lat' dir='ltr'><strong>quaedam</strong></span> <span class='ocrx_word' id='word_1_32' title='bbox 1262 377 1390 430; x_wconf 87' lang='lat' dir='ltr'><strong>ipsius</strong></span> <span class='ocrx_word' id='word_1_33' title='bbox 1423 377 1543 420; x_wconf 80' lang='lat' dir='ltr'><strong>Livii:</strong></span> 
     </span>
     <span class='ocr_line' id='line_1_6' title="bbox 311 442 1543 496; baseline 0.002 -14"><span class='ocrx_word' id='word_1_34' title='bbox 311 460 334 482; x_wconf 83' lang='lat'><em>«</em></span> <span class='ocrx_word' id='word_1_35' title='bbox 361 445 474 490; x_wconf 84' lang='lat' dir='ltr'><strong>Quae</strong></span> <span class='ocrx_word' id='word_1_36' title='bbox 504 444 553 484; x_wconf 90' lang='lat' dir='ltr'><strong>si·</strong></span> <span class='ocrx_word' id='word_1_37' title='bbox 569 444 626 484; x_wconf 92' lang='lat' dir='ltr'><strong>ita</strong></span> <span class='ocrx_word' id='word_1_38' title='bbox 655 447 762 490; x_wconf 92' lang='lat' dir='ltr'><strong>sunt,</strong></span> <span class='ocrx_word' id='word_1_39' title='bbox 795 442 885 483; x_wconf 91' lang='lat' dir='ltr'><strong>fieri</strong></span> <span class='ocrx_word' id='word_1_40' title='bbox 912 454 997 483; x_wconf 92' lang='lat' dir='ltr'><strong>non</strong></span> <span class='ocrx_word' id='word_1_41' title='bbox 1027 443 1169 496; x_wconf 88' lang='lat' dir='ltr'><strong>potuit,</strong></span> <span class='ocrx_word' id='word_1_42' title='bbox 1189 445 1235 483; x_wconf 92' lang='lat' dir='ltr'><strong>ut</strong></span> <span class='ocrx_word' id='word_1_43' title='bbox 1253 442 1301 483; x_wconf 84' lang='lat' dir='ltr'><strong>P.</strong></span> <span class='ocrx_word' id='word_1_44' title='bbox 1323 442 1543 484; x_wconf 89' lang='lat' dir='ltr'><strong>Cornelius</strong></span> 
     </span>
     <span class='ocr_line' id='line_1_7' title="bbox 308 507 1543 564; baseline 0.001 -15"><span class='ocrx_word' id='word_1_45' title='bbox 308 526 330 549; x_wconf 80' lang='lat'><strong>«</strong></span> <span class='ocrx_word' id='word_1_46' title='bbox 358 510 422 552; x_wconf 89' lang='lat' dir='ltr'><strong>Ti.</strong></span> <span class='ocrx_word' id='word_1_47' title='bbox 453 509 720 564; x_wconf 84' lang='lat' dir='ltr'><strong>Sempronius</strong></span> <span class='ocrx_word' id='word_1_48' title='bbox 750 509 943 551; x_wconf 89' lang='lat' dir='ltr'><strong>consules</strong></span> <span class='ocrx_word' id='word_1_49' title='bbox 973 508 1143 557; x_wconf 87' lang='lat' dir='ltr'><strong>fuerint,</strong></span> <span class='ocrx_word' id='word_1_50' title='bbox 1165 507 1216 550; x_wconf 91' lang='lat' dir='ltr'><strong>ad</strong></span> <span class='ocrx_word' id='word_1_51' title='bbox 1235 521 1336 562; x_wconf 88' lang='lat' dir='ltr'><strong>quos</strong></span> <span class='ocrx_word' id='word_1_52' title='bbox 1363 512 1404 550; x_wconf 91' lang='lat' dir='ltr'><strong>et</strong></span> <span class='ocrx_word' id='word_1_53' title='bbox 1422 509 1543 562; x_wconf 87' lang='lat' dir='ltr'><strong>prin-</strong></span> 
     </span>
     <span class='ocr_line' id='line_1_8' title="bbox 308 574 1536 629; baseline 0.002 -16"><span class='ocrx_word' id='word_1_54' title='bbox 308 590 329 613; x_wconf 78' lang='lat'><strong>&lt;</strong></span> <span class='ocrx_word' id='word_1_55' title='bbox 359 577 463 628; x_wconf 90' lang='lat' dir='ltr'><strong>cipio</strong></span> <span class='ocrx_word' id='word_1_56' title='bbox 492 575 807 629; x_wconf 84' lang='lat' dir='ltr'><strong>oppugnationis</strong></span> <span class='ocrx_word' id='word_1_57' title='bbox 835 575 962 627; x_wconf 89' lang='lat' dir='ltr'><strong>legati</strong></span> <span class='ocrx_word' id='word_1_58' title='bbox 980 574 1194 626; x_wconf 85' lang='lat' dir='ltr'><strong>Saguntini</strong></span> <span class='ocrx_word' id='word_1_59' title='bbox 1214 575 1325 614; x_wconf 91' lang='lat' dir='ltr'><strong>missi</strong></span> <span class='ocrx_word' id='word_1_60' title='bbox 1345 574 1437 621; x_wconf 90' lang='lat' dir='ltr'><strong>sint,</strong></span> <span class='ocrx_word' id='word_1_61' title='bbox 1458 578 1536 621; x_wconf 87' lang='lat' dir='ltr'><strong>etc,</strong></span> 
     </span>
     <span class='ocr_line' id='line_1_9' title="bbox 306 638 937 695; baseline -0.003 -15"><span class='ocrx_word' id='word_1_62' title='bbox 306 657 328 680; x_wconf 79' lang='lat'>«</span> <span class='ocrx_word' id='word_1_63' title='bbox 358 641 429 695; x_wconf 87' lang='lat' dir='ltr'><strong>(cf.</strong></span> <span class='ocrx_word' id='word_1_64' title='bbox 460 641 551 682; x_wconf 92' lang='lat' dir='ltr'><strong>Liv.</strong></span> <span class='ocrx_word' id='word_1_65' title='bbox 582 640 650 689; x_wconf 89' lang='grc'><strong>21,</strong></span> <span class='ocrx_word' id='word_1_66' title='bbox 655 640 727 690; x_wconf 92' lang='grc'><strong>6,2</strong></span> <span class='ocrx_word' id='word_1_67' title='bbox 755 638 883 694; x_wconf 84' lang='lat' dir='ltr'><strong>seqq.)</strong></span> <span class='ocrx_word' id='word_1_68' title='bbox 916 656 937 678; x_wconf 83' lang='lat'><strong>»</strong></span> 
     </span>
    </p>

    <p class='ocr_par' dir='ltr' id='par_1_5' title="bbox 303 704 1544 1285">
     <span class='ocr_line' id='line_1_10' title="bbox 413 704 1536 757; baseline -0.001 -11"><span class='ocrx_word' id='word_1_69' title='bbox 413 707 488 748; x_wconf 91' lang='lat' dir='ltr'><strong>IV.</strong></span> <span class='ocrx_word' id='word_1_70' title='bbox 521 707 610 746; x_wconf 90' lang='lat' dir='ltr'><strong>Liv.</strong></span> <span class='ocrx_word' id='word_1_71' title='bbox 642 706 752 754; x_wconf 88' lang='grc'>2,17.</span> <span class='ocrx_word' id='word_1_72' title='bbox 784 706 863 746; x_wconf 90' lang='lat' dir='ltr'><strong>Hic</strong></span> <span class='ocrx_word' id='word_1_73' title='bbox 890 717 1049 757; x_wconf 89' lang='lat' dir='ltr'><strong>quoque</strong></span> <span class='ocrx_word' id='word_1_74' title='bbox 1078 708 1174 744; x_wconf 89' lang='lat' dir='ltr'><strong>sunt</strong></span> <span class='ocrx_word' id='word_1_75' title='bbox 1202 716 1330 757; x_wconf 89' lang='lat' dir='ltr'><strong>pauca</strong></span> <span class='ocrx_word' id='word_1_76' title='bbox 1352 704 1536 745; x_wconf 84' lang='lat' dir='ltr'><strong>dicenda.</strong></span> 
     </span>
     <span class='ocr_line' id='line_1_11' title="bbox 303 770 1538 823; baseline -0.001 -11"><span class='ocrx_word' id='word_1_77' title='bbox 303 772 551 813; x_wconf 85' lang='lat' dir='ltr'><strong>Provinciae</strong></span> <span class='ocrx_word' id='word_1_78' title='bbox 580 772 689 811; x_wconf 90' lang='lat' dir='ltr'><strong>enim</strong></span> <span class='ocrx_word' id='word_1_79' title='bbox 719 774 760 811; x_wconf 86' lang='lat' dir='ltr'><strong>et</strong></span> <span class='ocrx_word' id='word_1_80' title='bbox 788 771 928 823; x_wconf 89' lang='lat' dir='ltr'><strong>copiae</strong></span> <span class='ocrx_word' id='word_1_81' title='bbox 956 771 1065 810; x_wconf 88' lang='lat' dir='ltr'><strong>inter</strong></span> <span class='ocrx_word' id='word_1_82' title='bbox 1093 770 1282 810; x_wconf 89' lang='lat' dir='ltr'><strong>consules</strong></span> <span class='ocrx_word' id='word_1_83' title='bbox 1311 774 1538 811; x_wconf 86' lang='lat' dir='ltr'><strong>narrantur</strong></span> 
     </span>
     <span class='ocr_line' id='line_1_12' title="bbox 304 835 1538 890; baseline -0.002 -12"><span class='ocrx_word' id='word_1_84' title='bbox 304 839 486 878; x_wconf 88' lang='lat' dir='ltr'><strong>divisae:</strong></span> <span class='ocrx_word' id='word_1_85' title='bbox 516 838 663 890; x_wconf 92' lang='lat' dir='ltr'><strong>quibus</strong></span> <span class='ocrx_word' id='word_1_86' title='bbox 706 838 749 876; x_wconf 90' lang='lat' dir='ltr'><strong>in</strong></span> <span class='ocrx_word' id='word_1_87' title='bbox 792 836 915 875; x_wconf 86' lang='lat' dir='ltr'><strong>rebus</strong></span> <span class='ocrx_word' id='word_1_88' title='bbox 959 835 1054 876; x_wconf 85' lang='lat' dir='ltr'><strong>fons</strong></span> <span class='ocrx_word' id='word_1_89' title='bbox 1095 836 1320 888; x_wconf 88' lang='lat' dir='ltr'><strong>pristinus,</strong></span> <span class='ocrx_word' id='word_1_90' title='bbox 1353 839 1398 876; x_wconf 91' lang='lat' dir='ltr'><strong>ut</strong></span> <span class='ocrx_word' id='word_1_91' title='bbox 1439 836 1538 876; x_wconf 89' lang='lat' dir='ltr'><strong>alibi</strong></span> 
     </span>
     <span class='ocr_line' id='line_1_13' title="bbox 304 897 1536 958; baseline -0.003 -14"><span class='ocrx_word' id='word_1_92' title='bbox 304 903 443 952; x_wconf 89' lang='lat' dir='ltr'><strong>docui,</strong></span> <span class='ocrx_word' id='word_1_93' title='bbox 486 903 545 958; x_wconf 88' lang='lat'><strong>(1)</strong></span> <span class='ocrx_word' id='word_1_94' title='bbox 586 903 758 943; x_wconf 82' lang='lat' dir='ltr'><strong>fuerunt</strong></span> <span class='ocrx_word' id='word_1_95' title='bbox 795 897 961 942; x_wconf 89' lang='lat' dir='ltr'><strong>decreta</strong></span> <span class='ocrx_word' id='word_1_96' title='bbox 1002 899 1179 941; x_wconf 90' lang='lat' dir='ltr'><strong>Senatus</strong></span> <span class='ocrx_word' id='word_1_97' title='bbox 1225 901 1536 950; x_wconf 89' lang='lat' dir='ltr'><strong>Romanorum;</strong></span> 
     </span>
     <span class='ocr_line' id='line_1_14' title="bbox 303 961 1542 1023; baseline -0.001 -14"><span class='ocrx_word' id='word_1_98' title='bbox 303 981 548 1023; x_wconf 88' lang='lat' dir='ltr'><strong>quamquam</strong></span> <span class='ocrx_word' id='word_1_99' title='bbox 578 969 722 1010; x_wconf 90' lang='lat' dir='ltr'><strong>Livius</strong></span> <span class='ocrx_word' id='word_1_100' title='bbox 743 967 793 1008; x_wconf 90' lang='lat' dir='ltr'><strong>ad</strong></span> <span class='ocrx_word' id='word_1_101' title='bbox 813 969 898 1020; x_wconf 87' lang='lat' dir='ltr'><strong>ipsa</strong></span> <span class='ocrx_word' id='word_1_102' title='bbox 924 966 1090 1008; x_wconf 90' lang='lat' dir='ltr'><strong>decreta</strong></span> <span class='ocrx_word' id='word_1_103' title='bbox 1118 966 1358 1020; x_wconf 84' lang='lat' dir='ltr'><strong>confugisse</strong></span> <span class='ocrx_word' id='word_1_104' title='bbox 1376 979 1459 1008; x_wconf 92' lang='lat' dir='ltr'><strong>non</strong></span> <span class='ocrx_word' id='word_1_105' title='bbox 1479 961 1542 1008; x_wconf 80' lang='lat' dir='ltr'><strong>es&#39;t</strong></span> 
     </span>
     <span class='ocr_line' id='line_1_15' title="bbox 304 1032 1542 1089; baseline -0.002 -13"><span class='ocrx_word' id='word_1_106' title='bbox 304 1035 515 1076; x_wconf 85' lang='lat' dir='ltr'><strong>dicendus.</strong></span> <span class='ocrx_word' id='word_1_107' title='bbox 546 1033 602 1089; x_wconf 87' lang='grc'><strong>(2)</strong></span> <span class='ocrx_word' id='word_1_108' title='bbox 632 1034 792 1075; x_wconf 83' lang='lat' dir='ltr'><strong>Auctor</strong></span> <span class='ocrx_word' id='word_1_109' title='bbox 811 1034 900 1086; x_wconf 91' lang='lat' dir='ltr'><strong>quis</strong></span> <span class='ocrx_word' id='word_1_110' title='bbox 921 1033 1050 1073; x_wconf 88' lang='lat' dir='ltr'><strong>fuerit</strong></span> <span class='ocrx_word' id='word_1_111' title='bbox 1069 1045 1123 1073; x_wconf 81' lang='lat' dir='ltr'><strong>ex</strong></span> <span class='ocrx_word' id='word_1_112' title='bbox 1143 1045 1222 1086; x_wconf 93' lang='lat' dir='ltr'><strong>quo</strong></span> <span class='ocrx_word' id='word_1_113' title='bbox 1239 1033 1282 1072; x_wconf 88' lang='lat' dir='ltr'><strong>in</strong></span> <span class='ocrx_word' id='word_1_114' title='bbox 1301 1032 1380 1074; x_wconf 95' lang='lat' dir='ltr'><strong>hoc</strong></span> <span class='ocrx_word' id='word_1_115' title='bbox 1410 1034 1542 1086; x_wconf 86' lang='lat' dir='ltr'><strong>capite</strong></span> 
     </span>
     <span class='ocr_line' id='line_1_16' title="bbox 307 1098 1543 1152; baseline -0.002 -12"><span class='ocrx_word' id='word_1_116' title='bbox 307 1101 449 1140; x_wconf 90' lang='lat' dir='ltr'><strong>Livius</strong></span> <span class='ocrx_word' id='word_1_117' title='bbox 479 1100 695 1152; x_wconf 89' lang='lat' dir='ltr'><strong>sumpserit</strong></span> <span class='ocrx_word' id='word_1_118' title='bbox 724 1111 927 1151; x_wconf 81' lang='lat' dir='ltr'><strong>quaerere</strong></span> <span class='ocrx_word' id='word_1_119' title='bbox 957 1111 1009 1139; x_wconf 90' lang='lat' dir='ltr'><strong>ne</strong></span> <span class='ocrx_word' id='word_1_120' title='bbox 1038 1111 1163 1139; x_wconf 91' lang='lat' dir='ltr'><strong>conor</strong></span> <span class='ocrx_word' id='word_1_121' title='bbox 1190 1098 1360 1152; x_wconf 73' lang='lat' dir='ltr'><strong>{quidem</strong></span> <span class='ocrx_word' id='word_1_122' title='bbox 1377 1129 1388 1147; x_wconf 91' lang='lat'>‚</span> <span class='ocrx_word' id='word_1_123' title='bbox 1420 1111 1543 1151; x_wconf 90' lang='lat' dir='ltr'><strong>quum</strong></span> 
     </span>
     <span class='ocr_line' id='line_1_17' title="bbox 304 1163 1544 1217; baseline 0 -11"><span class='ocrx_word' id='word_1_124' title='bbox 304 1166 489 1206; x_wconf 89' lang='lat' dir='ltr'><strong>universi</strong></span> <span class='ocrx_word' id='word_1_125' title='bbox 518 1165 734 1205; x_wconf 88' lang='lat' dir='ltr'><strong>annalium</strong></span> <span class='ocrx_word' id='word_1_126' title='bbox 771 1164 994 1217; x_wconf 85' lang='lat' dir='ltr'><strong>scriptores</strong></span> <span class='ocrx_word' id='word_1_127' title='bbox 1030 1163 1157 1204; x_wconf 87' lang='lat' dir='ltr'><strong>hasce</strong></span> <span class='ocrx_word' id='word_1_128' title='bbox 1199 1175 1268 1204; x_wconf 86' lang='lat' dir='ltr'><strong>res</strong></span> <span class='ocrx_word' id='word_1_129' title='bbox 1307 1165 1544 1206; x_wconf 87' lang='lat' dir='ltr'><strong>necessario</strong></span> 
     </span>
     <span class='ocr_line' id='line_1_18' title="bbox 303 1230 806 1285; baseline -0.004 -14"><span class='ocrx_word' id='word_1_130' title='bbox 303 1231 543 1285; x_wconf 85' lang='lat' dir='ltr'><strong>exposuisse</strong></span> <span class='ocrx_word' id='word_1_131' title='bbox 572 1230 806 1270; x_wconf 86' lang='lat' dir='ltr'><strong>videantur.</strong></span> 
     </span>
    </p>

    <p class='ocr_par' dir='ltr' id='par_1_6' title="bbox 303 1256 1546 2133">
     <span class='ocr_line' id='line_1_19' title="bbox 413 1256 1545 1349; baseline -0.001 -13"><span class='ocrx_word' id='word_1_132' title='bbox 413 1296 467 1337; x_wconf 91' lang='lat' dir='ltr'><strong>V.</strong></span> <span class='ocrx_word' id='word_1_133' title='bbox 499 1296 592 1336; x_wconf 90' lang='lat' dir='ltr'><strong>Liv.</strong></span> <span class='ocrx_word' id='word_1_134' title='bbox 624 1294 883 1343; x_wconf 78' lang='lat' dir='ltr'><strong>XX1‚7-15.</strong></span> <span class='ocrx_word' id='word_1_135' title='bbox 915 1256 1174 1335; x_wconf 86' lang='lat' dir='ltr'><strong>Describitur</strong></span> <span class='ocrx_word' id='word_1_136' title='bbox 1211 1295 1383 1347; x_wconf 85' lang='lat' dir='ltr'><strong>Sagunti</strong></span> <span class='ocrx_word' id='word_1_137' title='bbox 1421 1307 1545 1349; x_wconf 87' lang='lat' dir='ltr'><strong>oppu-</strong></span> 
     </span>
     <span class='ocr_line' id='line_1_20' title="bbox 310 1359 1544 1414; baseline -0.002 -12"><span class='ocrx_word' id='word_1_138' title='bbox 310 1362 463 1414; x_wconf 87' lang='lat' dir='ltr'><strong>gnatio.</strong></span> <span class='ocrx_word' id='word_1_139' title='bbox 494 1361 642 1407; x_wconf 85' lang='lat' dir='ltr'><strong>Causa,</strong></span> <span class='ocrx_word' id='word_1_140' title='bbox 673 1372 748 1400; x_wconf 87' lang='lat' dir='ltr'><strong>cur</strong></span> <span class='ocrx_word' id='word_1_141' title='bbox 776 1359 971 1412; x_wconf 87' lang='lat' dir='ltr'><strong>Polybius</strong></span> <span class='ocrx_word' id='word_1_142' title='bbox 991 1360 1131 1413; x_wconf 84' lang='lat' dir='ltr'><strong>paucis</strong></span> <span class='ocrx_word' id='word_1_143' title='bbox 1152 1359 1431 1401; x_wconf 89' lang='lat' dir='ltr'><strong>tantummodo</strong></span> <span class='ocrx_word' id='word_1_144' title='bbox 1450 1372 1544 1401; x_wconf 88' lang='lat' dir='ltr'><strong>ver-</strong></span> 
     </span>
     <span class='ocr_line' id='line_1_21' title="bbox 306 1424 1544 1479; baseline -0.001 -11"><span class='ocrx_word' id='word_1_145' title='bbox 306 1428 369 1468; x_wconf 88' lang='lat' dir='ltr'><strong>bis</strong></span> <span class='ocrx_word' id='word_1_146' title='bbox 413 1438 502 1467; x_wconf 91' lang='lat' dir='ltr'><strong>rem</strong></span> <span class='ocrx_word' id='word_1_147' title='bbox 545 1427 836 1465; x_wconf 87' lang='lat' dir='ltr'><strong>memoraverit</strong></span> <span class='ocrx_word' id='word_1_148' title='bbox 880 1424 1042 1479; x_wconf 83' lang='lat'><strong>(3,17‚4.</strong></span> <span class='ocrx_word' id='word_1_149' title='bbox 1090 1424 1360 1479; x_wconf 85' lang='lat'><strong>3‚17,18-10),</strong></span> <span class='ocrx_word' id='word_1_150' title='bbox 1405 1430 1544 1478; x_wconf 91' lang='lat' dir='ltr'><strong>aperte</strong></span> 
     </span>
     <span class='ocr_line' id='line_1_22' title="bbox 303 1483 1544 1546; baseline 0 -14"><span class='ocrx_word' id='word_1_151' title='bbox 303 1492 460 1546; x_wconf 88' lang='lat' dir='ltr'><strong>patebit</strong></span> <span class='ocrx_word' id='word_1_152' title='bbox 492 1483 731 1542; x_wconf 81' lang='lat' dir='ltr'><strong>cuicumque</strong></span> <span class='ocrx_word' id='word_1_153' title='bbox 761 1493 801 1530; x_wconf 89' lang='lat' dir='ltr'><strong>et</strong></span> <span class='ocrx_word' id='word_1_154' title='bbox 830 1491 937 1530; x_wconf 81' lang='lat' dir='ltr'><strong>ratio</strong></span> <span class='ocrx_word' id='word_1_155' title='bbox 977 1490 1241 1530; x_wconf 87' lang='lat' dir='ltr'><strong>historiarum</strong></span> <span class='ocrx_word' id='word_1_156' title='bbox 1286 1491 1447 1543; x_wconf 86' lang='lat' dir='ltr'><strong>Polybii</strong></span> <span class='ocrx_word' id='word_1_157' title='bbox 1490 1493 1544 1532; x_wconf 86' lang='lat' dir='ltr'><strong>sit</strong></span> 
     </span>
     <span class='ocr_line' id='line_1_23' title="bbox 303 1555 1541 1612; baseline 0 -15"><span class='ocrx_word' id='word_1_158' title='bbox 303 1560 533 1612; x_wconf 88' lang='lat' dir='ltr'><strong>perspecta.</strong></span> <span class='ocrx_word' id='word_1_159' title='bbox 566 1556 748 1608; x_wconf 89' lang='lat' dir='ltr'><strong>Namque</strong></span> <span class='ocrx_word' id='word_1_160' title='bbox 780 1567 961 1596; x_wconf 91' lang='lat' dir='ltr'><strong>summus</strong></span> <span class='ocrx_word' id='word_1_161' title='bbox 982 1555 1050 1596; x_wconf 90' lang='lat' dir='ltr'><strong>hic</strong></span> <span class='ocrx_word' id='word_1_162' title='bbox 1071 1556 1295 1597; x_wconf 85' lang='lat' dir='ltr'><strong>historicus</strong></span> <span class='ocrx_word' id='word_1_163' title='bbox 1315 1565 1383 1597; x_wconf 88' lang='lat' dir='ltr'><strong>res</strong></span> <span class='ocrx_word' id='word_1_164' title='bbox 1404 1560 1541 1609; x_wconf 88' lang='lat' dir='ltr'><strong>gestas</strong></span> 
     </span>
     <span class='ocr_line' id='line_1_24' title="bbox 305 1622 1541 1675; baseline -0.001 -11"><span class='ocrx_word' id='word_1_165' title='bbox 305 1637 387 1664; x_wconf 90' lang='lat' dir='ltr'><strong>non</strong></span> <span class='ocrx_word' id='word_1_166' title='bbox 402 1624 548 1663; x_wconf 87' lang='lat' dir='ltr'><strong>habuit</strong></span> <span class='ocrx_word' id='word_1_167' title='bbox 563 1623 604 1660; x_wconf 89' lang='lat' dir='ltr'><strong>in</strong></span> <span class='ocrx_word' id='word_1_168' title='bbox 622 1634 735 1661; x_wconf 89' lang='lat' dir='ltr'><strong>more</strong></span> <span class='ocrx_word' id='word_1_169' title='bbox 752 1633 892 1661; x_wconf 90' lang='lat' dir='ltr'><strong>earum</strong></span> <span class='ocrx_word' id='word_1_170' title='bbox 911 1622 1093 1673; x_wconf 89' lang='lat' dir='ltr'><strong>ipsarum</strong></span> <span class='ocrx_word' id='word_1_171' title='bbox 1110 1634 1235 1662; x_wconf 90' lang='lat' dir='ltr'><strong>causa</strong></span> <span class='ocrx_word' id='word_1_172' title='bbox 1250 1625 1455 1675; x_wconf 88' lang='lat' dir='ltr'><strong>persequi,</strong></span> <span class='ocrx_word' id='word_1_173' title='bbox 1470 1624 1541 1663; x_wconf 91' lang='lat' dir='ltr'><strong>sed</strong></span> 
     </span>
     <span class='ocr_line' id='line_1_25' title="bbox 307 1686 1542 1742; baseline 0 -12"><span class='ocrx_word' id='word_1_174' title='bbox 307 1690 454 1742; x_wconf 81' lang='lat' dir='ltr'><strong>potius,</strong></span> <span class='ocrx_word' id='word_1_175' title='bbox 484 1691 531 1729; x_wconf 91' lang='lat' dir='ltr'><strong>ut</strong></span> <span class='ocrx_word' id='word_1_176' title='bbox 558 1687 800 1728; x_wconf 90' lang='lat' dir='ltr'><strong>historicum</strong></span> <span class='ocrx_word' id='word_1_177' title='bbox 831 1686 964 1735; x_wconf 89' lang='lat' dir='ltr'><strong>decet,</strong></span> <span class='ocrx_word' id='word_1_178' title='bbox 995 1699 1137 1728; x_wconf 88' lang='lat' dir='ltr'><strong>eorum</strong></span> <span class='ocrx_word' id='word_1_179' title='bbox 1167 1700 1293 1729; x_wconf 90' lang='lat' dir='ltr'><strong>causa</strong></span> <span class='ocrx_word' id='word_1_180' title='bbox 1331 1700 1436 1742; x_wconf 90' lang='lat' dir='ltr'><strong>quae</strong></span> <span class='ocrx_word' id='word_1_181' title='bbox 1474 1701 1542 1730; x_wconf 89' lang='lat' dir='ltr'><strong>res</strong></span> 
     </span>
     <span class='ocr_line' id='line_1_26' title="bbox 309 1755 1543 1807; baseline 0.001 -14"><span class='ocrx_word' id='word_1_182' title='bbox 309 1759 445 1807; x_wconf 85' lang='lat' dir='ltr'><strong>gestas</strong></span> <span class='ocrx_word' id='word_1_183' title='bbox 466 1755 656 1805; x_wconf 88' lang='lat' dir='ltr'><strong>consequi</strong></span> <span class='ocrx_word' id='word_1_184' title='bbox 676 1758 997 1793; x_wconf 88' lang='lat' dir='ltr'><strong>consueverunt:</strong></span> <span class='ocrx_word' id='word_1_185' title='bbox 1027 1758 1278 1793; x_wconf 87' lang='lat' dir='ltr'><strong>narraturus</strong></span> <span class='ocrx_word' id='word_1_186' title='bbox 1297 1755 1436 1807; x_wconf 89' lang='lat' dir='ltr'><strong>itaque</strong></span> <span class='ocrx_word' id='word_1_187' title='bbox 1455 1755 1543 1794; x_wconf 89' lang='lat' dir='ltr'><strong>bel-</strong></span> 
     </span>
     <span class='ocr_line' id='line_1_27' title="bbox 305 1817 1542 1872; baseline 0 -12"><span class='ocrx_word' id='word_1_188' title='bbox 305 1820 392 1861; x_wconf 87' lang='lat' dir='ltr'><strong>lum</strong></span> <span class='ocrx_word' id='word_1_189' title='bbox 420 1819 620 1859; x_wconf 88' lang='lat' dir='ltr'><strong>Punicum</strong></span> <span class='ocrx_word' id='word_1_190' title='bbox 643 1817 882 1865; x_wconf 84' lang='lat' dir='ltr'><strong>secundum,</strong></span> <span class='ocrx_word' id='word_1_191' title='bbox 906 1831 972 1858; x_wconf 88' lang='lat' dir='ltr'><strong>res</strong></span> <span class='ocrx_word' id='word_1_192' title='bbox 992 1823 1130 1871; x_wconf 87' lang='lat' dir='ltr'><strong>gestas</strong></span> <span class='ocrx_word' id='word_1_193' title='bbox 1150 1819 1398 1860; x_wconf 88' lang='lat' dir='ltr'><strong>Hamilcaris</strong></span> <span class='ocrx_word' id='word_1_194' title='bbox 1419 1823 1542 1872; x_wconf 89' lang='lat' dir='ltr'><strong>atque</strong></span> 
     </span>
     <span class='ocr_line' id='line_1_28' title="bbox 307 1883 1542 1935; baseline 0 -11"><span class='ocrx_word' id='word_1_195' title='bbox 307 1884 582 1924; x_wconf 87' lang='lat' dir='ltr'><strong>Hasdrubalis</strong></span> <span class='ocrx_word' id='word_1_196' title='bbox 612 1884 656 1922; x_wconf 90' lang='lat' dir='ltr'><strong>in</strong></span> <span class='ocrx_word' id='word_1_197' title='bbox 684 1883 884 1935; x_wconf 88' lang='lat' dir='ltr'><strong>Hispania</strong></span> <span class='ocrx_word' id='word_1_198' title='bbox 914 1884 1055 1935; x_wconf 90' lang='lat' dir='ltr'><strong>paucis</strong></span> <span class='ocrx_word' id='word_1_199' title='bbox 1084 1884 1364 1924; x_wconf 85' lang='lat' dir='ltr'><strong>tantummodo</strong></span> <span class='ocrx_word' id='word_1_200' title='bbox 1403 1885 1542 1924; x_wconf 85' lang='lat' dir='ltr'><strong>verbis</strong></span> 
     </span>
     <span class='ocr_line' id='line_1_29' title="bbox 308 1947 1542 2002; baseline 0 -13"><span class='ocrx_word' id='word_1_201' title='bbox 308 1949 455 2002; x_wconf 85' lang='lat' dir='ltr'><strong>attigit,</strong></span> <span class='ocrx_word' id='word_1_202' title='bbox 486 1952 528 1988; x_wconf 89' lang='lat' dir='ltr'><strong>at</strong></span> <span class='ocrx_word' id='word_1_203' title='bbox 555 1948 666 1988; x_wconf 90' lang='lat' dir='ltr'><strong>bella</strong></span> <span class='ocrx_word' id='word_1_204' title='bbox 695 1947 941 1988; x_wconf 83' lang='lat' dir='ltr'><strong>Hannibalis</strong></span> <span class='ocrx_word' id='word_1_205' title='bbox 971 1952 1115 1988; x_wconf 88' lang='lat' dir='ltr'><strong>contra</strong></span> <span class='ocrx_word' id='word_1_206' title='bbox 1135 1947 1312 1989; x_wconf 87' lang='lat' dir='ltr'><strong>Olcades</strong></span> <span class='ocrx_word' id='word_1_207' title='bbox 1332 1949 1542 1989; x_wconf 87' lang='lat' dir='ltr'><strong>Vaccaeos</strong></span> 
     </span>
     <span class='ocr_line' id='line_1_30' title="bbox 308 2010 1546 2068; baseline 0 -13"><span class='ocrx_word' id='word_1_208' title='bbox 308 2019 350 2056; x_wconf 87' lang='lat' dir='ltr'><strong>et</strong></span> <span class='ocrx_word' id='word_1_209' title='bbox 378 2015 634 2068; x_wconf 89' lang='lat' dir='ltr'><strong>Carpetanos</strong></span> <span class='ocrx_word' id='word_1_210' title='bbox 665 2010 764 2054; x_wconf 74' lang='lat' dir='ltr'><strong>sati&#39;s</strong></span> <span class='ocrx_word' id='word_1_211' title='bbox 794 2013 913 2066; x_wconf 92' lang='lat' dir='ltr'><strong>plene</strong></span> <span class='ocrx_word' id='word_1_212' title='bbox 958 2014 1189 2062; x_wconf 88' lang='lat' dir='ltr'><strong>enarravit,</strong></span> <span class='ocrx_word' id='word_1_213' title='bbox 1234 2019 1350 2054; x_wconf 89' lang='lat' dir='ltr'><strong>ratus</strong></span> <span class='ocrx_word' id='word_1_214' title='bbox 1375 2015 1546 2055; x_wconf 77' lang='lat' dir='ltr'><strong>scilicet</strong></span> 
     </span>
     <span class='ocr_line' id='line_1_31' title="bbox 308 2078 1544 2133; baseline 0 -12"><span class='ocrx_word' id='word_1_215' title='bbox 308 2081 363 2121; x_wconf 87' lang='lat' dir='ltr'><strong>ita</strong></span> <span class='ocrx_word' id='word_1_216' title='bbox 391 2078 483 2121; x_wconf 78' lang='lat' dir='ltr'><strong>for⁰e</strong></span> <span class='ocrx_word' id='word_1_217' title='bbox 512 2084 556 2120; x_wconf 90' lang='lat' dir='ltr'><strong>ut</strong></span> <span class='ocrx_word' id='word_1_218' title='bbox 584 2079 717 2120; x_wconf 89' lang='lat' dir='ltr'><strong>lector</strong></span> <span class='ocrx_word' id='word_1_219' title='bbox 737 2079 862 2131; x_wconf 87' lang='lat' dir='ltr'><strong>probe</strong></span> <span class='ocrx_word' id='word_1_220' title='bbox 882 2078 1100 2119; x_wconf 88' lang='lat' dir='ltr'><strong>doceretur</strong></span> <span class='ocrx_word' id='word_1_221' title='bbox 1120 2093 1143 2120; x_wconf 91' lang='lat' dir='ltr'><strong>a</strong></span> <span class='ocrx_word' id='word_1_222' title='bbox 1165 2080 1311 2133; x_wconf 90' lang='lat' dir='ltr'><strong>quibus</strong></span> <span class='ocrx_word' id='word_1_223' title='bbox 1336 2080 1544 2121; x_wconf 82' lang='lat' dir='ltr'><strong>Hannibal</strong></span> 
     </span>
    </p>
   </div>
   <div class='ocr_carea' id='block_1_5' title="bbox 306 2189 570 2198">
    <p class='ocr_par' dir='ltr' id='par_1_7' title="bbox 306 2189 570 2198">
     <span class='ocr_line' id='line_1_32' title="bbox 306 2189 570 2198; baseline 0 775"><span class='ocrx_word' id='word_1_224' title='bbox 306 2189 570 2198; x_wconf 95' lang='lat' dir='ltr'><strong> </strong></span> 
     </span>
    </p>
   </div>
   <div class='ocr_carea' id='block_1_6' title="bbox 307 2254 1545 2464">
    <p class='ocr_par' dir='ltr' id='par_1_8' title="bbox 307 2254 1545 2354">
     <span class='ocr_line' id='line_1_33' title="bbox 351 2254 1545 2299; baseline 0.002 -12"><span class='ocrx_word' id='word_1_225' title='bbox 351 2256 399 2297; x_wconf 88' lang='grc'><strong>(1)</strong></span> <span class='ocrx_word' id='word_1_226' title='bbox 423 2254 461 2288; x_wconf 88' lang='lat' dir='ltr'><strong>In</strong></span> <span class='ocrx_word' id='word_1_227' title='bbox 482 2255 581 2289; x_wconf 82' lang='lat' dir='ltr'><strong>Actis</strong></span> <span class='ocrx_word' id='word_1_228' title='bbox 604 2254 711 2289; x_wconf 86' lang='lat' dir='ltr'><strong>Aead.</strong></span> <span class='ocrx_word' id='word_1_229' title='bbox 736 2254 839 2297; x_wconf 85' lang='lat' dir='ltr'><strong>Lync.</strong></span> <span class='ocrx_word' id='word_1_230' title='bbox 863 2264 939 2287; x_wconf 87' lang='lat' dir='ltr'><strong>ann.</strong></span> <span class='ocrx_word' id='word_1_231' title='bbox 966 2255 1044 2288; x_wconf 88' lang='lat'>1881</span> <span class='ocrx_word' id='word_1_232' title='bbox 1072 2256 1108 2288; x_wconf 91' lang='lat' dir='ltr'><strong>in</strong></span> <span class='ocrx_word' id='word_1_233' title='bbox 1132 2256 1304 2299; x_wconf 87' lang='lat' dir='ltr'><strong>prooemio</strong></span> <span class='ocrx_word' id='word_1_234' title='bbox 1327 2257 1545 2289; x_wconf 67' lang='lat' dir='ltr'><strong>dissertatio-</strong></span> 
     </span>
     <span class='ocr_line' id='line_1_34' title="bbox 307 2310 1543 2354; baseline 0 -10"><span class='ocrx_word' id='word_1_235' title='bbox 307 2311 361 2344; x_wconf 79' lang='lat' dir='ltr'><strong>uis</strong></span> <span class='ocrx_word' id='word_1_236' title='bbox 376 2321 465 2354; x_wconf 87' lang='lat' dir='ltr'><strong>quae</strong></span> <span class='ocrx_word' id='word_1_237' title='bbox 480 2310 693 2344; x_wconf 87' lang='lat' dir='ltr'><strong>inscribitur:</strong></span> <span class='ocrx_word' id='word_1_238' title='bbox 723 2310 900 2342; x_wconf 80' lang='lat' dir='ltr'><strong>Tentativo</strong></span> <span class='ocrx_word' id='word_1_239' title='bbox 916 2310 954 2342; x_wconf 86' lang='lat' dir='ltr'><strong>di</strong></span> <span class='ocrx_word' id='word_1_240' title='bbox 969 2311 1088 2342; x_wconf 83' lang='lat' dir='ltr'><strong>critica</strong></span> <span class='ocrx_word' id='word_1_241' title='bbox 1102 2312 1158 2342; x_wconf 82' lang='lat' dir='ltr'><strong>sui</strong></span> <span class='ocrx_word' id='word_1_242' title='bbox 1174 2311 1293 2353; x_wconf 75' lang='lat' dir='ltr'><strong>luoqhi</strong></span> <span class='ocrx_word' id='word_1_243' title='bbox 1308 2310 1460 2350; x_wconf 82' lang='lat' dir='ltr'><strong>Liviani,</strong></span> <span class='ocrx_word' id='word_1_244' title='bbox 1477 2313 1543 2344; x_wconf 87' lang='lat' dir='ltr'><strong>etc·</strong></span> 
     </span>
    </p>

    <p class='ocr_par' dir='ltr' id='par_1_9' title="bbox 307 2363 1542 2464">
     <span class='ocr_line' id='line_1_35' title="bbox 351 2363 1542 2408; baseline 0.002 -10"><span class='ocrx_word' id='word_1_245' title='bbox 351 2366 399 2407; x_wconf 90' lang='grc'><strong>(2)</strong></span> <span class='ocrx_word' id='word_1_246' title='bbox 423 2365 459 2398; x_wconf 88' lang='lat' dir='ltr'><strong>Id</strong></span> <span class='ocrx_word' id='word_1_247' title='bbox 482 2364 641 2408; x_wconf 84' lang='lat' dir='ltr'><strong>sequitur</strong></span> <span class='ocrx_word' id='word_1_248' title='bbox 662 2375 707 2398; x_wconf 89' lang='lat' dir='ltr'><strong>ex</strong></span> <span class='ocrx_word' id='word_1_249' title='bbox 729 2364 774 2397; x_wconf 84' lang='lat' dir='ltr'><strong>iis</strong></span> <span class='ocrx_word' id='word_1_250' title='bbox 798 2374 886 2407; x_wconf 86' lang='lat' dir='ltr'><strong>quae</strong></span> <span class='ocrx_word' id='word_1_251' title='bbox 909 2363 945 2397; x_wconf 86' lang='lat' dir='ltr'><strong>in</strong></span> <span class='ocrx_word' id='word_1_252' title='bbox 969 2364 1070 2407; x_wconf 81' lang='lat' dir='ltr'><strong>capit.</strong></span> <span class='ocrx_word' id='word_1_253' title='bbox 1094 2364 1120 2397; x_wconf 92' lang='lat'><strong>1.</strong></span> <span class='ocrx_word' id='word_1_254' title='bbox 1146 2364 1199 2399; x_wconf 91' lang='lat'><strong>111.</strong></span> <span class='ocrx_word' id='word_1_255' title='bbox 1223 2365 1283 2398; x_wconf 84' lang='lat' dir='ltr'><strong>lv.</strong></span> <span class='ocrx_word' id='word_1_256' title='bbox 1314 2364 1359 2397; x_wconf 91' lang='lat' dir='ltr'><strong>V.</strong></span> <span class='ocrx_word' id='word_1_257' title='bbox 1383 2364 1542 2401; x_wconf 80' lang='lat' dir='ltr'><strong>laudatae</strong></span> 
     </span>
     <span class='ocr_line' id='line_1_36' title="bbox 307 2419 1320 2464; baseline -0.002 -10"><span class='ocrx_word' id='word_1_258' title='bbox 307 2420 408 2455; x_wconf 72' lang='lat' dir='ltr'><strong>modo</strong></span> <span class='ocrx_word' id='word_1_259' title='bbox 431 2419 681 2454; x_wconf 78' lang='lat' dir='ltr'><strong>dissertationis</strong></span> <span class='ocrx_word' id='word_1_260' title='bbox 705 2419 888 2464; x_wconf 84' lang='lat' dir='ltr'><strong>explicavi.</strong></span> <span class='ocrx_word' id='word_1_261' title='bbox 1316 2441 1320 2445; x_wconf 40' lang='lat'><strong>⁴</strong></span> 
     </span>
    </p>
   </div>
   <div class='ocr_carea' id='block_1_7' title="bbox 1601 236 1815 1392">
    <p class='ocr_par' dir='ltr' id='par_1_10' title="bbox 1601 236 1815 1392">
     <span class='ocr_line' id='line_1_37' title="bbox 1601 236 1815 1392; baseline 0 0"><span class='ocrx_word' id='word_1_262' title='bbox 1601 236 1815 1392; x_wconf 95' lang='lat' dir='ltr'><strong> </strong></span> 
     </span>
    </p>
   </div>
   <div class='ocr_carea' id='block_1_8' title="bbox 1761 1676 1815 2973">
    <p class='ocr_par' dir='ltr' id='par_1_11' title="bbox 1761 1676 1815 2973">
     <span class='ocr_line' id='line_1_38' title="bbox 1761 1676 1815 2973; baseline 0 0"><span class='ocrx_word' id='word_1_263' title='bbox 1761 1676 1815 2973; x_wconf 95' lang='lat' dir='ltr'><strong> </strong></span> 
     </span>
    </p>
   </div>
  </div>
 </body>
</html>
