1815 2973
332 128 378 170 54
529 136 532 138 “
581 182 584 185 ῃ
608 138 654 166 nt
675 133 843 168 remmus
864 140 937 167 'nn
958 140 1036 166 mvi
1055 113 1118 175 21,Ἴ
1127 131 1209 167 Ῑ·20
1230 118 1234 121 Δ

294 220 373 249 nus
399 209 511 253 inter
551 200 709 260 pedites
747 221 888 260 quam,
911 201 1022 250 inter
1057 209 1244 262 equites;
1270 210 1445 263 primus
1489 194 1592 250 'inl'

294 273 496 326 proelium
524 273 598 321 ire,
628 278 859 326 postremus
889 275 1047 327 proelio
1077 273 1293 315 excedere.
1323 274 1421 325 Eae¹
1437 276 1534 316 'eius

294 339 468 379 fuerunt
493 339 683 379 virtutes.
709 340 821 381 Vitia
841 339 953 380 addit
971 340 1110 380 Livius
1124 335 1342 387 nonnulla.
1366 339 1417 380 ad
1434 340 1535 380 ima-

294 406 431 458 ginem
462 405 618 445 scilicet
646 406 735 446 eius
755 405 1062 458 perficiendam.
1090 406 1252 451 Quanta
1274 399 1328 445 ei
1348 409 1467 457 parte
1495 406 1537 444 in

294 471 373 510 ista
393 469 667 521 descriptione
688 471 833 510 Livius
853 471 906 510 ab
933 471 1030 510 aliis
1048 472 1112 518 sit,
1129 474 1215 510 tum
1235 470 1422 522 quisnam
1452 470 1540 509 eius

294 535 426 587 potior
455 539 601 575 auctor
645 536 775 575 fuerit
795 566 805 582 ‚
852 538 941 587 quis
971 537 1100 587 possit
1127 548 1240 575 nunc
1283 534 1543 574 diiudicare?

295 599 462 639 Etenim
493 603 811 655 consentaneum
855 605 915 641 est
957 600 1107 641 multos
1137 604 1328 641 auctores
1370 603 1535 640 veteres

295 665 472 705 indolem
501 666 747 705 Hannibalis
794 668 1075 718 expressisse.
1124 667 1198 719 (Cf
1217 697 1225 705 .
1256 666 1380 704 Dion.
1410 665 1538 703 Cass.

294 729 460 782 Fragm.
488 729 540 770 54
570 730 677 771 edid.
709 730 826 771 Dind.
860 731 892 778 Ι,
920 726 963 783 p.
987 732 1039 771 84
1070 743 1195 783 seqq3
1234 731 1312 770 etsi
1343 728 1541 769 nonnulla

295 806 401 846 quae
430 795 502 834 Dio
534 796 707 834 exhibet
736 795 787 834 ad
817 796 943 834 alium
972 797 1106 846 potius
1146 795 1291 834 ducem
1329 794 1431 833 mihi
1472 794 1540 832 vi-

295 858 447 900 dentur
476 864 675 913 spectare,
707 873 828 913 quam
858 860 910 900 ad
939 858 1246 913 Hannibalem).

404 924 497 964 VII.
530 927 644 972 Quae
688 930 782 965 sunt
824 927 864 964 in
907 926 996 965 loco
1035 926 1137 964 Livii
1167 925 1324 972 2¹,16.,
1356 926 1435 981 hoc
1478 929 1540 964 est

296 994 449 1043 quanto
497 1003 685 1031 moerore
728 995 940 1031 senatores
984 991 1161 1031 Romani
1206 989 1343 1034 affecti
1387 990 1541 1029 fuerint

296 1055 366 1094 ubi
397 1055 570 1107 Sagunti
598 1055 805 1095 excidium
836 1056 1068 1095 nuntiatum
1099 1059 1186 1102 est,
1229 1059 1325 1094 sunt
1364 1067 1411 1094 ea
1450 1056 1539 1107 ipsa

296 1132 402 1171 quae
443 1121 529 1159 Pol.
559 1120 693 1166 3‚‘20,3
723 1122 764 1158 in
795 1121 1035 1170 quibusdam
1079 1121 1290 1159 historicis
1335 1121 1540 1159 acerrime

295 1185 514 1238 vituperat.
558 1186 688 1232 Quem
731 1185 944 1225 annalium
989 1185 1238 1237 scriptorem
1282 1189 1447 1225 secutus
1491 1185 1543 1225 sit

296 1251 440 1289 Livius
470 1252 550 1289 iam
580 1252 670 1300 quis
700 1251 895 1302 quaerat.2
916 1262 1049 1302 neque
1072 1262 1151 1302 ego
1172 1250 1375 1288 hariolari
1406 1250 1514 1289 volo.

352 1314 430 1355 Sed
458 1314 510 1355 ad
538 1315 731 1356 uberiora
761 1317 841 1355 iam
871 1314 1041 1367 gradum
1073 1315 1264 1355 facimus.

407 1380 518 1420 VIII.
539 1380 626 1419 Liv.
658 1379 982 1427 21‚9‚3-11‚‘2.3.
1004 1381 1209 1420 Docemur
1230 1381 1272 1419 in
1292 1381 1433 1433 priore
1452 1380 1543 1420 loco

296 1446 455 1498 legatos
475 1446 607 1492 Rom„
631 1458 754 1497 quum
774 1446 1048 1485 Hannibalem
1071 1447 1302 1497 Saguntum
1322 1447 1402 1485 iam
1422 1459 1545 1498 oppu-

298 1514 492 1564 gnantem
524 1508 799 1557 offendissent,
823 1511 875 1550 ab
896 1523 942 1551 eo
963 1510 1215 1563 prohibitOS,
1240 1512 1542 1563 Carthaginem,

297 1578 418 1617 sicuti
446 1577 545 1616 iussi
574 1581 708 1624 erant,
741 1588 784 1615 se
814 1577 1063 1623 contulisse;
1095 1589 1221 1628 porro
1263 1577 1303 1615 in
1347 1578 1542 1617 Senatum

297 1642 704 1693 Carthaginiensium
721 1641 964 1688 deferimur,
984 1642 1164 1680 audituri
1181 1643 1408 1681 orationem
1430 1642 1542 1680 Han-

297 1709 416 1748 nonis
444 1708 645 1747 hortantis
674 1720 726 1747 ne
765 1707 934 1747 foedera
973 1720 1064 1747 cum
1102 1707 1301 1747 Romanis
1337 1708 1419 1747 icta
1453 1708 1541 1746 vio-

297 1773 500 1813 larentur.
527 1773 600 1812 'De
636 1773 783 1824 legatis
826 1773 973 1820 Rom,
1017 1785 1118 1825 quos
1162 1773 1367 1812 Hannibal
1406 1784 1539 1825 neque

297 1838 440 1878 audire
468 1850 600 1889 neque
628 1838 769 1877 videre
798 1838 940 1884 voluit,
972 1838 1103 1877 fusius
1144 1838 1344 1877 disseram
1384 1842 1539 1890 postea.

298 1903 484 1944 Coelium
504 1904 763 1955 Antipatrum
783 1908 994 1942 auctorem
1011 1903 1114 1942 Livii
1131 1906 1346 1942 autumant
1367 1915 1469 1950 esse,
1488 1915 1538 1942 ea

300 1979 423 2007 causa
452 1967 557 2019 quod
578 1973 617 2007 et
634 1968 739 2019 apud
760 1968 936 2006 Nonium
957 1981 1051 2020 pag.
1076 1968 1129 2006 50
1150 1968 1227 2007 hoc
1249 1972 1364 2007 extat
1384 1968 1536 2020 fragm.

299 2033 435 2073 Coeli:
471 2048 492 2069 «
523 2037 679 2072 tantum
700 2032 860 2073 bellum
879 2034 1093 2074 suscitare
1114 2034 1258 2073 conari
1279 2033 1540 2073 adversarios

302 2113 324 2135 ‹
351 2102 498 2138 contra
526 2098 729 2138 bellosum
759 2111 889 2150 genus
922 2114 942 2135 ³>
974 2110 1076 2150 quae
1108 2100 1237 2139 verba
1266 2111 1356 2138 cum
1399 2099 1540 2138 verbis

296 2163 405 2205 Livii
435 2164 476 2203 in
516 2165 702 2204 oratione
745 2164 956 2204 Hannonis
1001 2165 1186 2205 conferri
1232 2168 1542 2204 consueverunt

300 2245 322 2267 ‹
351 2242 426 2282 per
468 2229 564 2269 deos
607 2229 819 2270 foederum
867 2231 1045 2270 arbitros
1089 2243 1136 2270 ac
1180 2234 1305 2270 testes
1353 2234 1542 2269 senatum

300 2309 323 2331 <
353 2295 560 2335 obtestans
590 2307 643 2335 ne
662 2295 893 2335 Romanum
914 2308 1004 2336 cum
1025 2296 1255 2348 Saguntino
1282 2295 1543 2335 suscitarent

301 2374 323 2399 ‹
353 2359 510 2401 bellum
540 2376 562 2398 »
594 2364 634 2400 et
654 2360 760 2412 apud
776 2361 1037 2401 Priscianum
1059 2361 1213 2413 legitur
1231 2360 1351 2407 10‚17
1370 2372 1410 2411 p.
1428 2358 1509 2398 886
1529 2371 1537 2398 ε

1758 2017 1772 2032 ῥ-
1753 1902 1768 1929 ’Ὴ
1755 1861 1760 1864 “
1756 1811 1769 1824 ,’
1743 1727 1768 1781 Ἴ[ς.
1761 1697 1768 1712 -

1765 1943 1794 2048 >fiam
1774 1912 1789 1926 η’
1769 1867 1786 1895 .:-
1768 1732 1790 1806 »ἵνα

1785 2077 1800 2089 ,9

1770 2081 1815 2129 ἦέ

1772 2301 1799 2328 4-5,-

1733 2360 1737 2364 .
1742 2355 1790 2394 ,κώ
1814 2354 1815 2358 =

1761 2400 1784 2415 *ι

1752 2429 1760 2440 μ
1789 2439 1802 2449 0

1800 1717 1815 1796 μᾶ,

1807 1447 1815 1457 ·.

1794 1543 1815 1560 :⁴

1782 1560 1796 1577 ,R
1806 1559 1815 1574 ἰ

1796 1578 1810 1594 ‘9

1796 1595 1798 1597 “
1808 1595 1815 1607 ‚1

1786 1624 1792 1634 r.
1799 1618 1810 1633 ,ἶ

1785 1641 1813 1674 ἷῗτ

1793 1757 1815 1770 ’ν

1793 1773 1812 1790 „u

1783 1795 1815 1821 ἐξ

1799 1822 1804 1836 2
1812 1829 1815 1833 r

1794 1846 1797 1850 .
1804 1836 1815 1850 .'·‹

1803 1850 1815 1874 τ’

1786 1868 1815 1904 ες

1789 1901 1815 1930 ξ’*

1791 1964 1815 2043 fxsso'.
1797 1917 1815 1956 Δ
