1815 2973
1153 42 1157 45 ι
1181 43 1188 47 ,
1213 38 1223 48 τ
1240 33 1261 43 ,κ
1286 34 1312 43 ἀ
1334 31 1345 45 ’,
1359 41 1363 43 ι
1404 30 1406 32 “

342 131 387 168 58
616 142 662 167 nx
683 141 854 168 romnus
876 141 949 167 τιτι
970 142 1047 168 Lm
1067 99 1123 178 2l‚
1141 134 1219 179 ¹⁸20

302 214 379 259 ter,
395 209 471 251 de
461 210 511 259 iis
526 210 612 262 agit
627 209 786 250 Livius.
804 209 915 258 fuso,
933 212 1065 253 tracto
1080 211 1366 265 aequabilique
1380 210 1541 253 dicendi

305 287 458 327 genere
473 274 683 327 Polybius.
699 275 809 316 Livii
826 279 963 324 autem
977 277 1107 317 verba
1121 276 1267 329 quibus
1280 287 1433 317 causae
1447 287 1545 317 con-

303 339 488 382 tinentur
503 341 605 392 haec
626 341 759 382 ferme
776 346 892 383 sunt.
914 356 935 378 ι
952 342 1170 396 Angebant
1182 343 1360 395 ringentis
1376 344 1543 396 spiritus

306 423 326 444 α
356 408 491 447 virum
512 406 805 461 (Hamilcarem
825 408 1027 462 intellige)
1052 409 1186 450 Sicilia
1209 408 1481 461 Sardiniaque·
1506 421 1546 449 a·

306 489 327 510 «
344 475 535 521 missae:
557 486 652 513 nam
673 478 712 514 et
737 473 916 514 Siciliam
945 476 1066 514 nimis
1105 475 1231 521 celeri
1260 475 1544 527 desperatione

304 555 325 576 «
357 551 494 580 rerum
516 551 765 591 concessam,
779 544 819 580 et
834 540 1063 581 Sardiniam
1080 541 1188 580 inter
1200 544 1355 580 motum
1373 539 1544 580 Africae

308 621 330 642 «
358 605 506 644 fraude
526 605 819 652 Romanorum,
852 605 1053 656 stipendio
1075 606 1197 644 etiam
1219 606 1542 656 superimposito,

252 697 256 701 .
306 683 327 705 «
358 669 641 721 interceptam.
662 684 683 706 »
706 669 753 708 In
774 681 920 710 causas
936 670 1106 721 inquirit
1121 669 1316 722 Polybius
1335 669 1402 716 3,6
1416 681 1543 721 seqq.‚

306 734 390 785 qui,
422 739 510 786 post
538 733 740 774 refutatas
769 735 1056 774 historicorum
1086 736 1314 787 opiniones,
1348 734 1405 788 (l)
1445 733 1545 774 duas

306 800 492 839 invenit:
533 811 659 839 unam
697 800 916 848 maiorem,
947 800 1118 840 alteram
1148 801 1374 841 minorem.
1411 800 1547 839 Minor

308 866 569 912 causabelli,
599 866 684 906 Pol.
714 867 916 906 sententia
958 865 1121 920 (3,9,6),
1152 868 1213 905 ira
1252 870 1314 906 est
1356 865 1545 905 habenda

249 943 251 945 ’
308 943 412 984 quae
432 934 516 970 tum
545 943 738 984 magnum
759 931 1036 972 Hamilcarem
1057 932 1265 985 correpuit
1286 931 1547 984 incenditque

308 1011 429 1049 quum
458 998 588 1048 primo
617 998 772 1036 Punico
802 997 909 1036 bello
939 1001 1105 1036 coactus
1135 1002 1209 1044 est,
1244 998 1417 1035 invictus
1447 998 1543 1047 ipse,

310 1074 380 1102 eas
409 1065 548 1101 tamen
591 1061 705 1114 pacis
745 1061 998 1101 conditiones
1041 1073 1065 1101 a
1107 1062 1304 1102 Romanis
1347 1061 1546 1113 accipere,

307 1134 408 1177 quas
437 1129 465 1165 ii
495 1127 703 1165 dixerunt.
728 1127 872 1165 Altera
892 1127 1112 1178 eademque
1133 1128 1266 1178 potior
1285 1126 1383 1165 belli
1404 1138 1545 1172 causa,

308 1192 397 1233 Pol.
427 1192 632 1232 sententia
664 1191 881 1244 (3‚·10)‚ex
902 1205 949 1233 eo
979 1197 1040 1233 est
1059 1192 1293 1244 repetenda,
1323 1191 1429 1243 quod
1458 1191 1548 1230 Ro-

310 1259 433 1303 mani,
464 1257 559 1295 dum
579 1257 959 1307 Carthaginienses,
977 1259 1111 1296 statim
1128 1262 1217 1308 post
1232 1258 1405 1308 primum
1426 1256 1531 1294 Puni

309 1335 400 1363 cum
410 1321 577 1369 bellum,
593 1321 736 1362 servili
750 1321 987 1362 laborarent
997 1323 1118 1369 bello,
1132 1323 1344 1362 occasione
1360 1322 1435 1368 usi,
1447 1321 1550 1360 Car-

311 1387 639 1441 thaginiensibus
665 1388 841 1427 insulam
879 1388 1109 1428 Sardiniam
1140 1389 1381 1439 eripuerunt
1419 1388 1549 1437 iisque

357 1562 404 1605 (l)
431 1562 502 1594 Pol.
527 1561 704 1594 invehitur
726 1561 760 1593 in
781 1562 968 1602 scriptores
981 1562 1039 1604 qui
1057 1571 1179 1593 causas
1195 1560 1277 1594 belli
1293 1561 1552 1593 arbitrabantur

313 1616 400 1650 duas
423 1617 485 1649 has
508 1616 625 1650 fuisse:
656 1616 689 1648 10
713 1616 803 1660 quod
835 1615 1004 1649 Hannibal
1036 1617 1242 1659 Saguntum,
1273 1616 1402 1649 sociam
1434 1616 1551 1659 populi

311 1672 455 1705 Romani
488 1672 619 1704 urbem.
644 1674 765 1703 contra
795 1672 916 1703 foedus
950 1680 1138 1711 aggressus
1168 1674 1272 1709 esset,
1307 1681 1371 1713 quo
1402 1671 1550 1710 foedere,

311 1725 409 1758 finito
433 1725 541 1767 primo
565 1724 696 1756 Punico
720 1723 812 1756 bello
836 1725 914 1762 icto,
940 1727 1079 1757 cautum
1104 1727 1177 1757 erat
1208 1734 1250 1756 ne
1280 1723 1423 1756 Romani
1448 1723 1551 1756 sociis

313 1778 663 1820 Carthaginiensium,
681 1789 766 1811 neve
784 1778 1084 1820 Carthaginienses
1101 1779 1204 1811 sociis
1218 1779 1448 1811 Romanorum
1464 1778 1509 1810 ini
1517 1789 1554 1810 u-

310 1834 379 1865 rias
402 1834 565 1865 facerent.
589 1834 626 1864 2⁰
649 1831 745 1868 Quod
768 1832 939 1864 Hannibal
964 1832 1129 1864 Hiberum
1158 1832 1284 1864 flumen
1315 1836 1553 1872 transgressus

313 1889 407 1919 ‘sset
443 1890 565 1919 contra
602 1885 719 1918 foedus
757 1886 801 1917 ab
833 1885 1050 1919 Hasdrubale
1081 1886 1200 1928 paucis
1231 1890 1309 1919 ante
1338 1886 1437 1919 annis
1474 1896 1554 1919 cum

313 1941 478 1974 Romanis
501 1941 620 1979 ictum,
646 1951 714 1983 quo
739 1941 925 1973 cavebatur
940 1951 982 1972 ne
999 1941 1302 1981 Carthaginienses
1319 1941 1411 1973 ultra
1426 1942 1553 1973 fiumen

313 1995 378 2029 hoc
395 1994 532 2038 Imperii
548 1995 705 2037 carthag.
717 1995 802 2028 flues
816 1999 1056 2038 propagarent.
1074 1995 1194 2028 Potius
1208 2005 1308 2039 quam
1320 1995 1401 2028 belli
1415 1999 1551 2029 causae‘

313 2051 362 2083 ait
391 2050 576 2094 Polybius,
608 2051 743 2083 occasio
775 2053 810 2082 et
840 2050 1009 2093 principio
1036 2050 1118 2083 belli
1146 2050 1255 2093 ipsius
1279 2053 1358 2083 sunt
1380 2051 1447 2083 duo
1469 2051 1554 2084 haec

312 2105 478 2139 habenda.
493 2122 538 2129 —
552 2103 599 2137 Ut
615 2104 679 2136 hoc
701 2105 812 2136 obiter
834 2105 1011 2144 attingam,
1028 2104 1146 2146 paullo
1169 2107 1222 2136 est
1245 2106 1393 2137 severior
1409 2104 1480 2137 Pol.
1497 2105 1553 2138 Si-

314 2159 451 2204 quidem
475 2158 737 2201 distinguendae
754 2168 877 2191 causae
893 2161 1043 2192 remotae
1060 2162 1094 2191 et
1110 2169 1234 2191 causae
1252 2160 1422 2202 proximae
1440 2159 1554 2192 unius-

314 2214 480 2256 cuiusque
504 2214 658 2254 ingentis
689 2213 783 2245 belli.
820 2213 856 2245 In
888 2222 1011 2246 causas
1041 2217 1187 2245 remotas
1217 2214 1361 2256 inquirit
1389 2224 1450 2245 suo
1480 2215 1552 2246 iure

312 2267 493 2311 Polybius,
511 2268 568 2299 sed
586 2267 763 2307 Romanis,
783 2267 1018 2300 subtilissimis
1031 2267 1312 2311 acutissimisque
1326 2267 1411 2300 iuris
1424 2268 1555 2311 discep-

313 2322 497 2362 tatoribus,
522 2321 607 2354 belli
631 2332 755 2354 causae
780 2322 890 2355 videri
913 2323 1105 2355 necessario
1120 2323 1310 2356 debuerunt
1323 2333 1382 2354 eae
1398 2333 1452 2355 res
1467 2333 1553 2366 quae

313 2386 354 2409 ne
375 2376 495 2408 fierent
512 2377 702 2409 foederibus
726 2382 866 2410 cautum
890 2376 986 2409 fuera
996 2387 1012 2410 ·.
