1815 2973
702 180 748 206 An
769 152 955 218 curruum
968 171 1033 221 95,
1046 171 1069 205 7
1420 165 1460 203 41
1513 174 1515 176 “

269 240 500 289 «itionibus.
531 248 588 288 De
617 248 696 288 hac
724 249 962 302 siguificare
989 249 1155 289 videtur
1198 251 1239 289 et
1268 247 1432 294 Cicero,
1463 248 1507 286 in

266 303 288 350 ⁶«
311 313 483 366 quadam
512 313 565 354 ad
592 313 747 354 Axium
775 315 952 367 epistula
979 315 1184 371 referens,
1200 309 1440 355 'Caesarem
1464 312 1507 351 in

269 394 290 416 «
309 379 526 420 consulatu
554 379 819 420 confirmasse
862 393 1046 433 regnum,
1077 380 1126 420 de
1155 392 1234 433 quo
1263 378 1411 419 aedilis
1440 389 1509 417 co-

266 461 287 481 -x
311 445 476 498 gitarat.
514 446 734 501 Tanusius
762 446 916 496 adicit,
948 447 1142 487 Crassum
1184 445 1410 498 penitentia
1436 443 1507 484 vel

265 527 286 548 «
307 515 417 552 metu
447 512 553 552 diem
582 511 699 551 caedi
728 512 975 552 destinatum
1004 525 1085 552 non
1114 512 1265 560 obisse,
1289 510 1506 551 etidcirco

268 593 289 613 ‹
307 589 360 616 ne
388 578 607 617 Caesarem
629 577 791 629 quidem
813 579 990 628 signum,
1021 577 1128 629 quod
1156 578 1276 617 abeo
1296 577 1387 616 dari
1406 577 1507 616 c'on-

268 647 491 689 ‹venerat,
535 641 695 682 dedisse
721 659 740 679 »
789 648 885 689 etc„
927 643 1080 689 statuit,
1115 653 1234 694 quem
1284 641 1505 681 Volusium

264 707 450 747 Catullus
479 712 699 759 nuncupat,
730 707 860 747 fuisse
896 708 1131 747 Tanusium
1163 707 1394 747 Geminum
1421 719 1506 746 me-

263 776 466 812 moratum
485 771 591 824 apud
610 772 729 812 Suet.
752 776 873 825 atque
894 773 1017 811 etiam
1037 771 1143 823 apud
1163 771 1269 811 Plut.
1293 771 1416 812 Caes.
1432 771 1500 811 22.

207 856 210 858 ‡
262 837 486 889 Perperam
514 849 615 877 vero
645 838 848 889 Hauptius
877 837 1054 889 probare
1084 840 1259 877 conatur
1280 837 1502 876 Tanusium

263 900 478 942 Geminum
508 903 723 955 aequalem
745 902 894 942 Catulli
914 907 954 942 et
973 902 1160 942 Caesaris
1180 902 1332 942 fuisse:
1354 914 1504 954 aequa·

261 966 343 1007 lem
374 980 465 1008 eum
496 961 647 1008 Catulli
677 968 806 1008 fuisse
836 969 1013 1021 Hauptio
1044 972 1106 1008 est
1126 972 1369 1020 argumento
1394 967 1502 1020 quod

263 1035 439 1074 Tanusio
482 1033 649 1074 Gemino
686 1038 853 1074 auctore
896 1047 977 1074 una
1015 1047 1107 1074 cum
1151 1035 1246 1073 aliis
1288 1034 1502 1086 (Caesare,

262 1098 317 1138 M.
346 1098 507 1148 Bibulo,
560 1100 606 1141 C.
650 1099 843 1146 Curione,
889 1099 1104 1146 Cicerone,
1141 1099 1257 1139 Asin.
1291 1098 1498 1146 Pollione,

261 1165 393 1204 Licin.
415 1165 552 1213 Calvo,
574 1166 803 1212 Dolabella,
827 1166 872 1206 C.
891 1165 1094 1213 Memmio,
1117 1166 1172 1204 M.
1200 1166 1343 1211 Bruto,
1367 1165 1410 1204 C.
1426 1166 1504 1218 Op-

261 1230 342 1283 pio,
365 1230 565 1284 Augusto,
589 1232 738 1279 Hirtio,
761 1231 955 1273 Cornelio
976 1229 1134 1286 Balbo),
1157 1231 1399 1283 aequalibus
1421 1230 1504 1270 illis

231 1297 465 1347 &Caesaris³
483 1297 714 1337 Suetonius
732 1310 832 1336 usus
855 1301 929 1336 est.
947 1298 1170 1347 Perperam
1188 1298 1266 1335 aio:
1288 1296 1504 1335 Suetonius

249 1355 369 1400 'enim
399 1374 480 1401 una
510 1374 601 1402 cum
630 1362 875 1415 aequalibus
891 1361 1081 1402 Caesaris
1101 1362 1232 1414 potuit
1253 1361 1312 1401 uti
1333 1365 1502 1402 auctore

258 1428 328 1477 qui
356 1427 481 1467 multo
499 1433 639 1480 postea
658 1427 860 1468 floruerit.
1318 1424 1320 1430 ’

313 1493 361 1532 In
390 1505 581 1545 magnam
610 1494 785 1535 alteram
816 1493 1097 1535 difficultatem
1117 1492 1262 1534 incidit
1281 1493 1498 1547 Hauptius,

260 1570 313 1598 ex
332 1571 413 1611 qua
432 1572 514 1599 non
535 1561 722 1611 sagacius
742 1572 833 1600 sese
862 1559 1083 1613 expedivit.
1115 1559 1234 1600 Suel.
1267 1559 1375 1599 enim
1407 1572 1503 1599 usus

258 1627 321 1663 est
339 1625 529 1665 historia
549 1627 720 1665 Tanusii
749 1624 923 1673 Gemini,
955 1637 1079 1678 quum
1099 1638 1121 1664 e
1143 1626 1352 1665 contrario
1373 1624 1505 1665 Volu-

260 1691 346 1730 sius
365 1691 551 1733 Annales
565 1692 754 1731 versibus
785 1691 1030 1732 condiderit.
1053 1691 1119 1738 At,
1140 1690 1253 1731 addit
1280 1691 1499 1743 Hauptius,

261 1761 425 1808 praeter
451 1757 641 1797 Annales
669 1747 880 1809 possumus
923 1757 1092 1797 credere
1131 1769 1223 1796 eum
1265 1756 1500 1796 historiam

261 1833 418 1873 quoque
465 1827 556 1875 post
601 1827 774 1863 mortem
817 1823 1007 1863 Caesaris
1054 1821 1359 1873 conscripsisse.
1411 1822 1499 1861 Hoc

263 1892 399 1942 autem
420 1893 481 1928 est
510 1889 700 1936 hominis,
740 1901 839 1941 pace
869 1889 921 1928 sit
949 1889 1096 1928 summi
1124 1888 1206 1927 viri
1235 1888 1399 1934 dictum,
1437 1900 1505 1927 co-

262 1954 468 1993 niecturas
511 1955 761 1993 coniecturis
809 1952 1105 1993 confirmantis.
1141 1954 1284 1993 Nonne
1322 1956 1505 2004 praestat

262 2032 367 2072 quae
396 2020 613 2060 diiudicari
640 2024 851 2071 nequeunt
880 2020 921 2059 in
944 2021 1102 2059 incerto
1124 2019 1395 2070 relinquere?

370 2086 443 2128 IV.
471 2087 699 2140 Utrumque
748 2089 1035 2138 argumentum
1077 2098 1155 2139 quo
1201 2084 1402 2138 Hauptius
1438 2087 1502 2124 est

263 2163 357 2192 usus
387 2165 470 2192 non
502 2154 601 2192 satis
641 2152 783 2192 valere
827 2152 1037 2192 fatendum
1077 2156 1149 2192 est.
1197 2151 1308 2191 Idem
1337 2151 1503 2190 videtur

264 2216 365 2258 effici
395 2231 447 2258 ex
477 2218 561 2257 illis
591 2230 695 2270 quae
725 2218 840 2258 Plut.
876 2217 997 2259 Caes.
1027 2217 1091 2265 22,
1122 2221 1289 2257 auctore
1310 2217 1503 2264 Tanusio,

262 2288 429 2324 narrat:
462 2283 566 2323 haec
596 2287 745 2335 autem,
777 2284 923 2335 quibus
955 2284 1061 2322 nihil
1082 2287 1228 2330 statuo,
1249 2283 1354 2322 tanti
1375 2282 1504 2322 facies

262 2351 407 2401 quanti
437 2350 561 2389 voles.
592 2349 748 2388 Narrat
783 2349 911 2400 igitur
949 2348 1224 2388 Plutarchus:
1257 2347 1423 2394 Senatu,
1453 2347 1504 2386 ob

261 2426 330 2455 res
360 2427 383 2455 a
413 2414 586 2456 Caesare
620 2426 732 2454 anno
760 2414 817 2454 U:
846 2426 882 2454 e.
923 2413 1253 2455 DCLXXXXIX
1295 2413 1402 2453 bene
1435 2424 1506 2467 ge-
