1815 2973
536 155 555 164 *
590 186 1023 222 numnam-nntm
1036 177 1099 227 21,
1114 184 1197 220 1-20
1419 184 1472 218 -57

222 254 225 257 ’
285 226 526 303 demandato
553 254 749 309 defundi,
792 262 1039 316 legationem
1052 264 1110 303 in
1141 248 1293 306 Senatu
1315 260 1511 302 solebant

283 325 561 381 renuntiare),
591 330 809 381 praeterea
835 339 968 378 nemo,
988 325 1228 382 praesertim
1243 327 1279 368 si
1307 327 1509 376 nuntiata,
1533 361 1536 364 .

285 391 404 436 sicuti
445 404 554 433 nune
595 396 732 440 erant,
775 394 911 433 tristia
952 397 1086 434 essent
1131 393 1303 445 ideoque
1346 393 1510 433 silentio

283 457 520 511 premenda.
542 457 689 499 Fusius
710 469 830 510 quam
849 459 942 500 Liv.
965 458 1126 499 videtur
1143 459 1216 500 Dio
1235 459 1399 500 Cassius
1417 471 1510 500 rem

283 526 708 575 narrasse‚‚quantum
729 522 892 576 quidem
910 534 964 564 ex
984 524 1176 576 perbrevi
1193 524 1334 564 Dionis
1355 524 1512 578 fragm.

284 586 466 642 (Fr-agm.
497 588 550 630 56
578 589 630 629 ed
657 589 774 629 Dind.
806 589 847 633 1,
881 602 919 643 p.
947 588 1014 642 88)
1043 588 1242 641 hodieque
1262 588 1508 642 colligimus;

283 654 390 707 quod
418 655 568 708 fragm.
597 667 754 695 mecum
774 653 965 696 conferas
992 666 1086 695 cum
1114 655 1206 695 Liv.
1229 654 1442 703 21,20‚5:

283 794 334 833 ὅτι
358 799 389 833 οἱ
415 796 581 845 Ῥωμαῖοι
606 799 661 834 Να.
684 796 865 846 βωνησίους

283 847 364 910 πρὸς
388 846 585 895 συμμαχίαν
602 811 753 882 indigam»-
771 848 803 882 οἱ
830 847 868 881 δὲ

283 894 360 933 οὔτε
383 909 416 932 τι
433 897 514 960 πρὸς
537 900 602 933 τῶν
619 894 865 958 Καρχηδονίων

283 947 388 982 κακὸν
417 945 490 981 οὔτ’
509 959 550 981 αυ
582 960 607 981 π
628 947 663 985 ὸς
694 951 762 981 των
780 945 868 980 Ῥω-

1150 862 1388 902 responsum
1406 852 1517 904 lega-

932 907 984 946 tis
998 909 1072 952 est,
1086 918 1219 958 neque
1236 905 1513 947 Romanorum

285 994 393 1043 μαίων
426 994 564 1042 ἀγαθόν,
594 1008 680 1030 ωστε
709 1001 781 1036 τοῖς
807 995 866 1043 μὲν

282 1045 482 1093 πολεμῆσαι,
507 1050 575 1086 τοῖς
592 1045 628 1081 δὲ
646 1046 782 1092 ἀμῦναι,
811 1058 868 1080 πε·

282 1095 438 1131 πονθέναι
478 1094 614 1130 πώποτε
652 1094 789 1157 ἔφασαν,
807 1095 863 1130 καὶ

286 1144 372 1181 πάνυ
398 1143 438 1179 δι’
470 1145 571 1205 ὀργῆς
608 1142 729 1184 αὐτοὺς
755 1143 864 1193 ἔτχον,

283 1193 517 1234 ἰπικαλοῢντές
543 1208 649 1243 σφισιν
675 1193 726 1229 ὅτι
756 1193 865 1230 πολλαι

281 1244 337 1278 καὶ
355 1244 444 1278 δεινὰ.
458 1242 532 1285 τοὺς
557 1241 742 1292 ὁμοφυλους
755 1243 864 1279 αὐτων

281 1292 508 1343 ἓδεδράκεσαν.

933 961 977 1000 in
1005 973 1047 1000 se
1065 962 1254 1000 meritum
1274 972 1365 1000 esse
1385 973 1516 1012 neque

932 1015 1339 1068 Carthaginiensium
1384 1017 1518 1055 iniu-

932 1072 1050 1118 riam,
1069 1071 1120 1110 ob
1134 1083 1239 1122 quae
1263 1076 1334 1110 aut
1347 1083 1422 1122 pro
1436 1071 1518 1110 Ro-

932 1126 1064 1165 manis
1093 1130 1164 1165 aut
1190 1124 1387 1165 adversus
1414 1125 1519 1166 Pae-

931 1193 1006 1220 nos
1035 1183 1198 1220 sumant
1223 1192 1351 1227 arma3
1376 1185 1519 1220 contra

931 1247 981 1274 ea
996 1234 1139 1274 audire
1155 1246 1257 1280 sese,
1269 1236 1405 1285 gentis
1420 1247 1519 1274 suae

931 1288 1116 1329 homines
1149 1301 1251 1340 agro
1289 1287 1520 1341 finibusque

931 1344 1076 1383 Italiae
1103 1343 1202 1395 pelli
1226 1355 1251 1382 a
1267 1344 1415 1395 populo
1435 1344 1519 1383 Ro-

930 1409 1050 1438 mano
1070 1396 1393 1450 stipendiumque
1422 1410 1520 1449 pen-

928 1452 1029 1562 33?
1077 1457 1117 1492 et
1161 1456 1298 1492 cetera
1329 1451 1516 1505 ‘indigna

333 1638 407 1678 Dio
425 1638 590 1678 Cassius
618 1638 686 1679 hie
705 1636 861 1692 quoque
891 1638 1010 1691 plura
1045 1638 1171 1679 habet
1193 1650 1314 1691 quam
1340 1640 1511 1681 Livius:

279 1703 394 1743 deest
421 1704 530 1742 enim
558 1704 662 1754 apud
690 1704 847 1743 Livium
874 1705 1024 1743 mentio
1044 1716 1149 1755 quae
1183 1704 1226 1742 in
1253 1705 1397 1756 primis
1423 1706 1517 1744 Dio-

278 1768 344 1808 nis
372 1768 510 1808 verbis
537 1767 583 1808 fit
610 1768 659 1808 de
688 1768 1035 1809 Narbonensibus.
1064 1768 1176 1808 Haeo
1197 1772 1260 1808 est
1286 1780 1411 1809 causa
1440 1782 1515 1809 cur

282 1834 465 1885 suspicer
491 1833 661 1872 Dionem
690 1833 850 1886 quidem
893 1833 1101 1880 Csasium,
1133 1832 1204 1872 sed
1242 1845 1341 1873 non<
1368 1834 1513 1873 Livum

281 1910 334 1938 ex
375 1899 461 1951 ipso
503 1898 633 1939 Fabio
667 1911 743 1939 sua
776 1898 1015 1948 derivasse;
1047 1911 1179 1951 neque
1207 1911 1307 1939 vero
1350 1899 1511 1939 Livium

280 1976 355 2004 sua
383 1976 436 2003 ex
463 1964 605 2004 Dione.

332 2030 385 2070 X.
414 2028 625 2070 Hactenus
653 2029 835 2070 breviter
863 2029 912 2071 de
941 2030 993 2070 iis
1022 2042 1124 2082 quae
1154 2029 1260 2083 apud
1289 2031 1378 2071 Pol.
1409 2030 1516 2071 desi-

279 2092 490 2133 derantur.
519 2094 583 2134 Ad
616 2107 666 2134 ea
694 2096 773 2134 iam
795 2095 968 2148 gradum
1001 2095 1109 2135 facio
1137 2107 1240 2147 quae
1280 2100 1320 2135 et
1352 2095 1440 2136 Pol.
1473 2101 1514 2136 et

277 2159 367 2201 Liv.
397 2159 591 2208 tradunt,
632 2173 802 2214 quorum
832 2161 1083 2214 potissimum
1122 2173 1244 2202 causa
1286 2162 1329 2201 in
1372 2162 1507 2203 locum

278 2225 385 2264 Livii
412 2225 701 2276 inquirendum
729 2226 931 2274 duximus,
963 2238 1144 2280 quaeque
1163 2227 1377 2266 uberiores
1400 2228 1516 2267 inve-

278 2290 507 2341 stigationis
535 2290 695 2331 fructus
724 2291 857 2332 edent.

320 2355 418 2395 'Liv.
460 2355 572 2402 21‚1.
602 2357 878 2397 Continentur
896 2357 975 2397 hoc
994 2358 1125 2409 capite
1147 2368 1292 2397 causae
1312 2358 1412 2398 belli
1432 2359 1514 2397 Pu-

277 2419 361 2460 nici
395 2420 574 2461 secundi.
605 2422 806 2470 Oratorie,
823 2423 1038 2475 grandiori
1057 2423 1194 2475 paullo
1214 2435 1298 2471 ore,
1321 2428 1361 2465 et
1379 2424 1516 2465 brevi-
