1815 2973
444 150 501 179 Ἣ
1032 118 1081 167 'f'
1278 140 1293 145 „
1412 111 1454 163 m

442 177 614 254 διΪιὶ”.;ιιι.ιί
598 197 650 240 iis
678 208 744 240 em
787 212 809 247 ιῚ
827 208 890 253 ris
933 180 1054 256 e'usu
1060 168 1183 256 apud
1198 196 1358 238 Livium
1378 196 1499 237 verbi

172 315 175 317 ,
263 274 320 317 qn
390 274 435 304 es
468 252 690 312 nuntiare,
695 263 827 320 visum
841 268 904 306 est
921 258 1083 318 passive
1103 263 1180 306 hoc
1201 262 1375 304 verbum
1395 261 1504 315 apud

207 353 209 356 <
266 339 369 370 eum
377 332 422 369 ut
440 327 658 381 plurimum
677 330 888 382 usurpari3
921 329 1026 371 haec
1044 333 1179 370 autem
1203 333 1265 369 est
1285 341 1410 370 causa
1425 339 1505 368 cur

253 392 470 445 'Madvigio
489 393 721 442 restituenti
739 393 959 434 Numidae
978 395 1058 435 eici
1076 395 1348 436 nuntiassent
1363 391 1506 434 assen-

264 457 447 497 tiendum
477 470 566 498 esse
595 470 679 498 non
708 458 1064 498 arbitrer.·Habes
1085 460 1191 499 enim
1222 459 1327 511 apud
1347 460 1507 500 Livium

268 522 311 561 in
341 525 533 575 quattuor
558 521 693 570 libris,
724 534 825 575 quos
854 522 953 570 dixi,
989 523 1093 564 ista:

317 631 433 677 1‚31.1
451 643 459 666 :
491 642 510 667 <t
527 631 735 667 nuntiatum
760 632 843 679 regi
868 644 892 679 p
905 632 1117 678 atribusque
1134 638 1201 671 est.
1218 644 1241 668 »

317 691 459 738 1‚31,4:
489 703 507 727 ι
526 692 741 739 quandoque
768 691 868 729 idem
893 691 1109 740 prodigium
1133 692 1374 730 nuntiaretur.
1389 706 1407 727 »

318 753 455 798 1,37,2;
486 765 503 788 ι
521 754 622 799 prius
647 764 764 800 paene
799 764 910 799 quam
944 753 1110 789 nuntiari
1136 758 1285 801 posset,
1320 754 1500 800 insignem

489 826 510 846 «
529 813 722 849 victoriam
740 812 875 850 fecere.
896 826 915 847 »

296 903 298 905 .
322 872 464 918 1,59‚5:
496 883 514 908 (
530 884 576 908 ne
596 873 676 919 quis
690 884 774 908 eum
791 877 932 909 motum
953 874 1102 919 regibus
1116 873 1302 909 nuntiaret
1335 888 1353 905 »

317 932 461 979 2,26,1:
489 945 509 967 ‹
528 937 635 969 nocte
663 934 699 969 in
725 934 818 969 urhe
844 928 1051 969 nuntiatum
1079 937 1148 969 est.
1174 947 1191 967 »

323 992 468 1037 9,4,6:
500 1003 517 1031 ς
536 993 567 1027 si
592 993 840 1038 nuntiaretur.
870 1006 888 1026 ›

321 1051 355 1097 9,
366 1051 464 1096 6,5:
498 1062 516 1088 «
534 1053 628 1099 quod
658 1052 718 1088 ubi
742 1057 798 1089 est
826 1052 1202 1111 CapuaNnuntiatuQ
1223 1066 1242 1086 »
1270 1056 1342 1089 etc.

320 1112 440 1157 9‚23,3
457 1127 464 1149 :
499 1124 517 1147 ((
534 1124 648 1158 quum
664 1139 824 1150 .......
840 1113 904 1148 alii
921 1117 1031 1159 supe‘r
1050 1113 1148 1148 alios
1166 1115 1387 1157 nuntiarent,
1408 1127 1426 1146 »
1440 1117 1519 1161 etc.x

319 1171 462 1217 9‚32,4:
490 1184 510 1205 «
529 1173 625 1218 quod
650 1176 843 1219 postquam
869 1173 1010 1208 consuli
1045 1172 1250 1208 nuntiatum
1276 1175 1342 1217 est,
1373 1185 1390 1205 »
1418 1175 1490 1209 etc.

325 1231 417 1273 10,1.
445 1231 578 1278 10,2,9.
608 1231 755 1278 1o‚3‚2:
785 1243 803 1268 ot
821 1232 1059 1269 nuntiabatur
1085 1245 1102 1268 »

322 1291 465 1337 10‚2‚9:
496 1304 514 1328 α
531 1292 621 1328 haec
649 1297 734 1328 sunt
750 1292 916 1330 nuntiata
944 1305 963 1326 ›

293 1385 299 1392 ,
325 1353 470 1398 10,5,4:
495 1364 515 1390 (
533 1365 645 1400 super
662 1354 752 1390 alios
770 1353 832 1390 alii
847 1354 1017 1390 nuntiant
1043 1353 1222 1394 dictatoxd.
1247 1367 1265 1387 »

323 1412 497 1460 10‚40‚13
516 1415 648 1460 «quod
681 1419 874 1462 postquam
901 1414 1045 1450 consuli
1070 1414 1277 1450 nuntiatum
1303 1418 1371 1450 cst.
1393 1426 1408 1450 t

328 1527 465 1570 Habes
495 1529 622 1581 igitur
651 1533 714 1570 ter
744 1527 1021 1569 tantummodo
1056 1529 1190 1569 active
1224 1528 1300 1568 hoc
1344 1528 1516 1568 verbum

275 1599 526 1647 usurpatum,
559 1595 789 1646 etquidem
826 1595 889 1634 his
932 1596 975 1634 in
1017 1594 1225 1634 locutione
1269 1594 1353 1633 aliz·
1380 1606 1514 1645 super

275 1662 386 1701 alios
425 1660 528 1700 idest
568 1661 658 1700 sine
695 1665 808 1701 certo
842 1661 1115 1710 substantivo3
1163 1660 1238 1700 hoc
1284 1664 1345 1700 est
1388 1659 1513 1699 semel

275 1726 549 1773 tantummodo
579 1728 714 1767 active
744 1731 786 1766 et
815 1739 906 1766 cum
936 1731 1050 1766 certo
1081 1727 1282 1766 subiecto.

330 1792 542 1838 Quartum:
577 1805 655 1845 ego
686 1793 882 1841 arbitror,
914 1792 957 1832 in
988 1791 1270 1832 descrihendis
1296 1791 1516 1840 codicibus,

279 1858 376 1910 quis
406 1858 513 1909 quod
541 1870 649 1897 nunc
677 1862 790 1897 extat
833 1861 970 1898 ortum
1016 1870 1107 1897 esse
1140 1870 1193 1897 ex
1226 1859 1365 1908 qinz‘s;
1402 1858 1518 1908 qinis

277 1928 414 1976 autem,
428 1936 482 1964 ex
505 1923 632 1965 binis.
651 1924 764 1964 Bina
780 1928 926 1973 castra
943 1936 1019 1964 suo
1034 1923 1125 1963 loco
1141 1927 1340 1975 usurpata
1362 1934 1518 1975 semper

277 1989 406 2029 fuisse
435 2002 553 2029 nemo
581 1991 764 2041 ignorat:
798 2002 847 2043 ea
876 1990 1004 2029 habes
1039 1990 1219 2040 exempii
1249 1990 1382 2040 gratia
1411 1988 1517 2039 apud

278 2054 365 2094 Liv.
387 2054 522 2102 6,29,8
547 2069 564 2093 ιι
587 2053 706 2095 binis
726 2055 884 2095 castris
903 2055 1080 2095 hostium
1101 2085 1129 2093 ..
1148 2085 1177 2094 ..
1201 2054 1382 2105 captis».
1401 2051 1519 2105 Apud

276 2120 364 2161 Liv.
386 2120 582 2168 27‚25.13
629 2136 649 2157 ‹
669 2122 778 2160 inter
812 2121 1046 2161 Venusiam
1087 2120 1355 2170 Bantiamque
1383 2118 1518 2157 minus

277 2187 401 2231 trium
441 2186 615 2226 millium
658 2199 851 2239 passuum
897 2186 1117 2228 intervallo
1163 2184 1354 2226 consules
1403 2183 1520 2224 binis

279 2252 438 2293 eastris
467 2251 736 2292 consederant
756 2267 795 2291 ».

333 2318 482 2363 Quinto
511 2317 683 2369 denique
711 2322 752 2358 et
772 2321 990 2371 postremo,
1015 2317 1066 2358 ad
1088 2319 1395 2367 orerecurrunt
1414 2315 1520 2368 quod

280 2384 438 2433 attinet,
468 2396 682 2437 perperam
711 2384 1077 2424 Weissenbornius
1108 2382 1234 2423 edidit
1268 2398 1289 2421 «
1317 2387 1522 2426 oreretur
