1815 2973
330 142 371 175 12
711 150 758 175 An
780 122 1108 192 ὀιτῦιιωιρΠΙ-Β-
1220 179 1222 182 ,
1313 183 1317 187 ι
1553 172 1617 195 (Α,

282 219 461 259 Romani
491 219 694 272 sermonis
735 231 858 271 quam
899 218 1077 259 maxime
1110 218 1283 259 retinuit
1312 215 1527 260 Catullus:-
1554 209 1629 274 ἶ,

281 280 468 337 namque,
489 288 535 325 ut
561 283 763 325 nonnulla
783 295 913 337 eaque
931 295 1062 338 pauca
1089 295 1294 331 moneam,
1317 288 1359 325 et
1376 277 1539 327 o'ccur-.¹
1587 336 1593 339 ι

281 353 381 389 runt
408 350 515 402 apud
543 349 748 389 Catullum
777 350 954 400 vestigia
983 349 1135 400 ubique
1163 349 1410 400 antiquioris
1439 350 1524 390 Ro·
1621 340 1627 347 ²

281 414 391 454 mani
412 415 614 454 sermonis
631 412 695 467 (ea
712 413 999 466 deprehendas
1018 413 1116 454 licet
1131 413 1282 465 ubique
1297 414 1389 454 deis
1404 414 1519 466 4,22;

276 483 438 529 qualus
466 481 717 524 constanter,
757 490 839 517 non
880 481 1022 526 natus,
1053 478 1135 517 nisi
1178 477 1248 517 ubi
1291 477 1363 517 lex
1400 479 1523 519 metri
1573 493 1578 498 ·
1614 492 1641 501 *v

281 542 440 592 obstat;
476 544 628 584 omissa
656 544 920 596 aspiratione.
953 555 1033 595 qua
1058 543 1300 596 parcissime
1329 544 1394 584 usi
1425 547 1525 584 sunt

280 612 458 657 veteres,
491 609 681 662 Catullus
709 609 852 649 scribit
880 620 983 650 erus
1009 612 1132 660 atque
1160 621 1238 650 era
1255 607 1407 662 (63‚18;
1439 608 1523 659 92).

280 696 335 706 -
351 674 493 715 Ortale
522 673 676 727 (65,15)
696 697 750 705 —
771 675 904 715 eluari
926 674 1096 728 (29,16).
1118 675 1165 713 In
1186 674 1321 714 dativo
1349 678 1524 726 quartae

280 739 570 780 declinationis
591 739 785 780 desinunt
803 740 929 779 verba
949 738 1055 791 apud
1075 738 1282 780 Catullum
1314 740 1356 778 in
1385 750 1414 777 u
1443 752 1523 779 non

281 805 323 843 in
352 805 412 844 ui.
441 806 694 844 Praesertim
723 804 1211 860 vero-ea·deprehendes
1245 804 1289 842 in
1329 804 1524 843 carmini·

279 867 357 907 hus
386 868 647 920 longioribus
676 869 742 909 61.
776 869 841 909 63.
876 869 945 908 64.
967 868 1035 908 66.
1068 868 1150 915 68;
1176 880 1352 919 namque
1368 869 1411 907 in
1432 880 1524 908 car-

280 934 391 972 mine
412 933 461 972 61
487 934 613 973 habes
629 935 739 972 inter
759 937 901 972 cetera
919 931 1122 971 infinitiva
1143 931 1373 994 desinentia
1392 933 1434 971 in
1455 933 1523 973 ier

281 999 462 1039 citarier
489 1011 529 1038 v,
567 998 621 1039 42
662 998 966 1050 compararier
1007 1010 1050 1037 v,
1085 996 1151 1037 65.
1179 997 1247 1037 70.
1278 998 1347 1043 75,
1392 997 1521 1037 habes

274 1065 426 1114 penite
453 1078 494 1103 v.
528 1064 619 1110 174,
662 1064 885 1104 remorari
925 1076 963 1102 V.
1008 1062 1101 1102 196.
1136 1062 1227 1109 197,
1274 1062 1525 1113 inyenerari

280 1142 320 1168 v.
345 1128 438 1177 211,
460 1130 675 1170 noscitari
694 1142 735 1169 v.
753 1129 845 1177 2¹9,
864 1129 982 1169 ludei
1000 1141 1040 1168 v,
1055 1127 1148 1175 206,
1170 1129 1350 1169 z‘nsciez·s
1364 1141 1402 1168 v.
1423 1128 1516 1174 218,

279 1194 401 1235 honei
427 1208 468 1234 v.
500 1195 593 1235 228.
623 1195 801 1234 Carmen
831 1194 885 1234 63
913 1194 963 1233 de
993 1194 1079 1233 Atti
1109 1188 1237 1233 totum
1272 1197 1518 1233 vetustatem

280 1271 443 1298 sacram
473 1260 675 1298 sermonis
705 1259 847 1310 spirat.

332 1323 434 1362 Tum
465 1336 487 1363 e
516 1324 722 1363 contrario
752 1323 901 1363 desunt
929 1323 1035 1375 apud
1065 1335 1159 1362 eum
1185 1323 1519 1363 manifestissima

276 1388 451 1439 vestigia
481 1387 743 1434 Graecorum,
766 1399 868 1438 quae
889 1387 1017 1426 habes
1047 1388 1091 1425 in
1120 1387 1271 1426 ceteris
1291 1387 1421 1438 poetis
1437 1386 1519 1426 Ro-

276 1452 407 1492 manis
426 1451 733 1493 Alexandrinos
755 1453 931 1498 imitatis,
954 1452 1179 1491 cuiusmodi
1199 1456 1307 1497 sunt,
1326 1456 1371 1491 ut
1390 1464 1537 1491 unum-

277 1529 300 1555 e
338 1517 615 1569 compiuribus
660 1515 844 1563 afferam,
886 1528 996 1568 opus
1029 1520 1090 1556 est
1118 1528 1211 1555 cum
1247 1517 1439 1567 genetivo
1473 1517 1516 1555 in

275 1580 462 1634 Priapeis
492 1581 637 1629 6834:

444 1700 461 1724 ι(
482 1688 571 1725 Sive
598 1688 654 1724 illi
680 1688 841 1725 laterum
870 1688 948 1725 sive
975 1692 1056 1724 erat
1082 1687 1173 1724 artis
1199 1698 1289 1735 opus
1313 1699 1331 1723 »
1350 1685 1406 1736 (1)

275 1807 397 1854 atque
427 1803 533 1856 apud
561 1804 822 1856 Propertium
852 1802 1019 1849 3,1Ο,12
1047 1803 1127 1849 ubi,
1159 1802 1316 1842 maiora
1345 1814 1515 1854 aggres-

273 1881 410 1916 surus,
440 1873 529 1921 post
557 1868 743 1908 Pierides
773 1869 1000 1915 invocatas,
1032 1872 1150 1920 poeta
1179 1868 1262 1907 ait:

450 1988 469 2009 ‹
487 2002 667 2014 ........
693 1976 818 2023 magni
844 1987 939 2012 nunc
966 1976 1037 2012 erit
1063 1975 1139 2011 oris
1166 1986 1267 2023 opus.
1282 1987 1299 2011 »
1318 1974 1374 2024 (2)

330 2091 557 2153 βθᾳυθηῐθε
589 2102 671 2130 non
701 2089 855 2136 eodem,
886 2102 965 2140 quo
996 2089 1201 2136 Catullus,
1233 2090 1298 2129 usi
1317 2094 1414 2129 sunt
1433 2090 1515 2130 ele-

271 2155 388 2206 ganti
430 2158 623 2207 castoque
670 2167 792 2195 sensu
835 2158 876 2194 et
927 2154 1090 2195 iudicio.
1135 2155 1300 2195 Etenim
1336 2154 1514 2207 Augusti

319 2307 365 2351 (l)
389 2308 517 2341 Locum
533 2308 695 2351 praeterit
710 2309 915 2351 Draeyerus
930 2308 1065 2350 Syntax
1077 2309 1144 2341 der
1159 2310 1218 2343 lat.
1234 2309 1384 2352 Sprach.
1400 2308 1515 2349 1,529-.

317 2364 364 2405 (2)
389 2363 519 2395 Locum
542 2363 705 2404 praeterit
728 2363 924 2404 Draeyeros
947 2373 1000 2404 op.
1025 2363 1090 2395 loc.
1108 2364 1163 2396 cit.
