1815 2973
327 171 372 206 62
605 181 650 206 nn
671 180 838 206 ron-rmus
862 181 935 206 τιτι
958 181 1032 210 uvi
1053 173 1108 213 21,
1125 171 1205 207 1·20

286 263 308 285 «
339 248 502 290 delatus
530 248 835 302 imperatorque
863 249 1021 302 ingenti
1051 249 1231 291 omnium
1252 231 1433 293 clamore
1461 222 1524 292 at-
1548 254 1550 256 ’
1597 271 1601 275 ·

289 330 311 352 «
340 328 419 368 que
436 315 610 356 adsensu
625 315 853 367 appellatus
870 314 1009 356 erat...
1027 315 1083 370 (1)
1103 316 1224 356 favor
1237 311 1368 369 plebis
1382 329 1524 369 seque-

285 396 307 417 «
338 381 473 421 batur.
504 396 525 417 »
558 380 633 421 His
660 380 798 421 verbis
826 380 1075 434 respondent
1108 381 1270 434 quidem
1298 382 1427 423 verba
1444 383 1525 424 Po-

283 445 367 498 lyb.
414 445 460 492 2,
497 446 565 494 36,
600 446 639 486 6.
668 451 727 494 τὴν
753 450 790 486 δὲ
814 449 1020 502 στρατηγίαν
1046 452 1077 487 οἱ
1098 450 1330 502 Καρχηδόνιοι
1346 456 1415 489 τῶν
1435 453 1523 489 κατὰ

215 506 218 508 ⁴
281 511 345 553 τὴν
360 509 507 559 Ἰβηρίαν
522 509 662 559 Ἀννίβᾳ
680 510 881 560 περιέθεσαν,
899 510 968 546 ὄντι
992 510 1066 557 νέῳ,
1084 510 1140 546 διά
1167 512 1228 554 τὴν
1255 511 1522 561 ὑποφαινομένην

284 574 323 611 ἐκ
346 579 415 611 τῶν
441 571 591 626 πράξεων
619 575 795 625 ἀγχίνοιαν
822 575 1014 612 neroum(
1037 576 1180 625 τόλμαν.
1200 590 1232 619 ›‚
1255 571 1325 612 sed
1344 584 1449 625 quae
1467 586 1525 613 se-

285 640 465 689 quuntur
507 637 613 690 apud
641 637 747 686 Pol„
769 638 1012 691 respondent
1041 639 1238 690 principio
1269 650 1355 689 cap.
1384 638 1410 677 5
1440 639 1522 678 Titi

284 701 387 743 Livi.
410 702 458 742 In
478 715 568 755 cap.
601 707 737 743 autem
766 704 793 744 5
820 703 927 744 bella
957 703 1201 743 Hannibalis
1227 707 1370 744 contro
1402 703 1525 744 Olca-

286 767 371 815 des,
401 768 610 809 Vaccaeos
640 773 681 809 et
711 773 962 821 Carpetanos
1006 770 1278 809 continentur.
1307 769 1523 808 Monebam

286 845 418 886 nuper
437 833 525 875 Liv.
551 847 643 876 cum
660 834 746 875 Pol.
767 834 868 875 adeo
888 833 956 874 hic
978 834 1225 882 consentire,
1242 837 1293 873 .ut
1314 846 1404 874 eum
1431 847 1526 874 ver-

287 901 384 939 tisse
403 900 535 940 videri
551 905 702 954 posset.
724 901 840 945 Quod
855 902 976 940 etiam
1003 901 1051 940 de
1073 901 1161 940 Liv.
1183 900 1525 951 21‚18,8-21,19,6

288 965 505 1006 dicendum
525 970 598 1015 est,
631 967 824 1007 nimirum
855 966 903 1007 de
932 965 1176 1014 21‚18‚8-11
1210 978 1230 1005 a
1261 967 1401 1006 verbis
1432 966 1527 1007 inde

285 1044 313 1071 a
346 1031 392 1071 0.
423 1031 598 1072 Imtatz'o
628 1032 801 1072 consule
822 1031 911 1084 (Pol
932 1031 1153 1084 3,21‚1-2),
1185 1030 1235 1071 de
1264 1030 1524 1084 21‚8‚12(‹3f.

285 1096 379 1136 Pol.
410 1096 617 1150 3,33,2-4)‚
649 1097 697 1137 de
727 1097 936 1145 21‚19,1-2
967 1097 1036 1150 (cf.
1072 1097 1163 1136 Pol.
1207 1096 1431 1146 3,21‚6-7)‚
1477 1096 1526 1136 de

287 1161 507 1209 21‚19‚3-6
538 1162 643 1215 (Pol.
673 1162 807 1209 2293
837 1161 966 1215 seqq.)
998 1162 1124 1209 Haec,
1158 1165 1296 1213 utpote
1318 1165 1426 1207 nota,
1455 1173 1527 1200 ex-

288 1226 443 1279 plicare
471 1240 553 1268 non
586 1228 749 1268 attinet.

395 1293 510 1332 XIII.
548 1293 625 1332 Sed
668 1294 709 1332 in
736 1305 783 1332 eo
828 1292 987 1344 quoque
1030 1292 1136 1343 quod
1166 1294 1342 1344 pertinet
1376 1292 1427 1331 ad
1455 1304 1527 1331 no-

288 1357 485 1398 tationem
515 1358 720 1410 temporis,
752 1358 943 1411 quamdiu
971 1355 1177 1397 Hannibal
1211 1357 1529 1408 Carthaginien-

289 1425 393 1463 sium
437 1424 480 1463 in
522 1424 723 1476 Hispania
752 1422 835 1462 dux
864 1423 942 1462 fuit
985 1423 1024 1476 (a
1053 1436 1131 1475 quo
1159 1424 1316 1463 scilicet
1346 1428 1526 1475 tempore

290 1489 518 1530 Hamilcari
539 1490 674 1531 occiso
695 1490 737 1530 in
769 1490 938 1543 imperio
968 1490 1166 1530 successit
1185 1502 1314 1542 usque
1345 1489 1395 1529 ad
1425 1502 1524 1531 ann.

288 1557 336 1596 U.
357 1568 390 1594 c.
412 1556 662 1608 DXXXVI)‚
680 1557 855 1606 vestigia
872 1555 1032 1607 Polybii
1053 1567 1128 1606 ego
1148 1555 1399 1607 deprehendi
1421 1555 1528 1606 apud

289 1622 465 1661 Livium.
485 1620 629 1673 Polyb.
647 1621 755 1660 enim
776 1633 898 1672 quum
918 1624 1107 1660 accurate
1125 1620 1257 1660 tradat
1273 1620 1322 1659 de
1338 1620 1523 1659 hibernis

288 1686 545 1733 Hannibalis,
568 1687 664 1725 hinc
684 1698 888 1725 annorum
917 1687 1215 1725 successionem
1237 1686 1495 1743 agnoscimus
1515 1698 1523 1725 :

289 1751 367 1791 fuit
394 1752 519 1803 igitur
548 1751 758 1791 Hannibal
777 1755 842 1790 ter
863 1752 906 1790 in
927 1751 1112 1790 hibernis
1138 1755 1357 1803 antequam
1388 1751 1429 1790 in
1449 1751 1529 1790 Ita-

290 1817 389 1855 liam
431 1815 760 1869 proficisceretur
804 1815 971 1869 (Polyb.
1019 1816 1169 1863 3‚13,7.
1200 1815 1346 1862 3,15,3.
1376 1814 1526 1869 3,33,5)

292 1882 370 1921 hoc
400 1886 477 1928 est,
510 1894 633 1933 quum
667 1882 869 1935 principio
898 1882 1001 1921 anni
1030 1882 1079 1921 U.
1111 1893 1148 1920 c.
1181 1881 1401 1921 DXXXVI
1431 1881 1529 1920 His-

292 1948 453 2000 paniam
496 1947 737 1998 reliquerit,
769 1951 953 1987 eoeeunte
993 1958 1105 1987 anno
1143 1946 1187 1985 U.
1223 1958 1258 1985 c.
1290 1945 1528 1992 DXXXIII,

293 2012 439 2053 deinde
469 2017 652 2054 eoeeunte
672 2024 781 2053 anno
801 2012 986 2052 DXXXI
992 2011 1034 2059 V,
1056 2012 1180 2053 tertio
1210 2015 1393 2052 exeunte
1412 2023 1527 2052 anno

291 2079 453 2118 DXXX
458 2077 500 2117 V.
529 2078 639 2117 Idem
671 2079 829 2130 repperi
860 2077 964 2129 apud
982 2077 1152 2123 Livium,
1171 2077 1251 2115 nisi
1271 2076 1375 2127 quod
1392 2076 1527 2116 Livius

293 2143 470 2183 secunda
499 2143 669 2183 hiberna
701 2143 859 2183 omittit:
890 2142 1085 2194 siquidem
1110 2141 1199 2182 Liv,
1222 2145 1420 2182 memorat
1438 2146 1530 2182 tar.-
1607 2150 1611 2154 ·

336 2371 382 2414 (Ι)
406 2370 534 2404 Locum
557 2373 754 2414 corruptum
778 2380 981 2415 quamquam
1004 2369 1136 2415 pluries
1157 2370 1336 2413 temptavi,
1357 2379 1532 2415 nunquam.

292 2426 365 2469 ipse
387 2425 472 2459 mihi
492 2425 657 2458 satisfeci.
