1815 2973
496 467 597 519 AD
635 467 1089 520 CATULLUM
1136 475 1205 530 29,
1231 475 1291 512 20

727 886 933 929 CAPUT
971 887 1070 929 111.

380 1141 415 1181 1.
445 1139 576 1180 Huius
615 1151 762 1180 versus
804 1138 892 1193 fata
929 1138 1133 1192 specimen
1164 1136 1364 1178 exhibent
1390 1138 1512 1179 lucu-

272 1206 550 1246 lentissimum
570 1205 800 1246 facinorum
818 1216 842 1243 a
862 1205 1031 1252 criticis,
1062 1206 1104 1244 in
1131 1203 1355 1256 pensandis
1375 1217 1514 1244 emen-

272 1270 498 1324 dandisque
526 1274 713 1312 veterum
741 1269 915 1323 scriptis,
937 1269 1219 1311 admissorum.
1238 1268 1332 1317 Sed,
1365 1282 1414 1311 ea
1442 1282 1514 1311 an-

271 1340 435 1390 tequam
454 1338 691 1390 inspicimus
707 1348 1056 1388 recensemusque‚
1073 1348 1220 1376 moneo
1235 1347 1369 1388 nuper
1383 1335 1513 1375 fuisse

270 1403 341 1456 qui
368 1415 585 1456 perperam
615 1401 880 1443 contenderet
909 1401 988 1441 hoc
1026 1412 1196 1441 carmen
1239 1412 1390 1441 revera
1432 1399 1512 1441 duo

268 1462 362 1509 esse
405 1469 601 1516 carmina,
645 1480 670 1508 a
706 1468 888 1508 librariis
917 1467 1016 1507 olim
1045 1469 1090 1507 in
1119 1479 1248 1506 unum
1277 1467 1386 1506 falso
1417 1479 1514 1507 con-

270 1535 409 1575 iuncta
427 1544 436 1584 ;
469 1534 581 1588 prius
602 1538 741 1574 autem
761 1545 930 1574 carmen
951 1536 1142 1573 constare
1170 1544 1224 1572 ex
1253 1532 1392 1573 decem
1413 1544 1511 1573 ver-

270 1600 395 1647 sibus,
425 1599 602 1639 alterum
631 1612 683 1639 ex
711 1599 897 1651 reliquis.
927 1598 1034 1651 (Otto
1053 1598 1172 1642 Iahn.
1195 1598 1368 1638 Hermes
1388 1598 1513 1645 2240

271 1663 419 1719 seqq.).
448 1664 574 1705 Cuius
603 1668 741 1705 tamen
770 1664 833 1704 rei
862 1663 961 1704 satis
991 1663 1044 1703 sit
1071 1664 1114 1703 in
1148 1663 1381 1716 praesentia
1401 1674 1513 1703 men-

271 1731 425 1772 tionem
467 1731 600 1771 obiter
641 1730 831 1770 iniecisse
852 1761 862 1778 ,
907 1742 961 1769 ne
1008 1729 1098 1782 quis
1139 1729 1247 1769 forte
1293 1729 1352 1769 ita
1398 1733 1514 1769 autu-

273 1799 367 1845 met,
398 1796 614 1849 ignorasse
633 1807 698 1836 me
732 1799 804 1835 aut
836 1794 1086 1847 neglexisse,
1109 1794 1145 1834 si
1177 1794 1295 1842 haec,
1323 1795 1512 1847 quamvis

273 1874 299 1902 a
326 1862 532 1915 proposito
574 1862 676 1902 mihi
704 1873 817 1902 nunc
844 1861 989 1901 labore
1019 1861 1169 1909 aliena,
1200 1860 1363 1901 silentio
1390 1873 1514 1913 -prae-

273 1928 480 1969 terissem.

328 1992 447 2033 Nunc
475 1992 607 2046 ipsum
636 2004 802 2033 carmen
831 2003 961 2045 usque
989 1991 1042 2032 ad
1078 1992 1317 2034 vicesimum
1345 2003 1513 2033 versum

274 2057 492 2100 adscribo:

322 2167 414 2214 Quis
438 2168 508 2206 hoc
533 2171 656 2217 potest
681 2168 808 2205 videre
824 2196 834 2214 ,
864 2166 947 2215 quis
971 2171 1092 2216 potest
1116 2169 1191 2216 pati
1216 2188 1265 2197 —
1290 2168 1368 2207 Nisi
1392 2169 1513 2217 impu-

272 2227 377 2266 dicus
402 2233 439 2265 et
463 2240 580 2265 vorax
606 2233 644 2265 et
671 2229 764 2274 aleo,
805 2247 855 2256 —
892 2229 1119 2265 Mamurram
1156 2229 1291 2265 habere
1317 2230 1414 2276 quod
1440 2229 1512 2266 Co-

270 2290 370 2325 mata
397 2287 516 2325 Gallia
529 2309 576 2316 --
591 2288 761 2325 Habebat
777 2291 860 2324 ante
874 2292 911 2324 et
926 2288 1053 2325 ultima
1068 2288 1277 2326 Britannia?
1292 2308 1338 2316 —
1351 2288 1512 2325 Cinaede

270 2348 428 2384 Romule
453 2348 543 2384 haec
568 2348 717 2385 videbis
743 2352 780 2384 et
805 2348 933 2384 feres?
959 2368 1006 2376 —
1044 2349 1092 2385 Et
1116 2349 1181 2385 ille
1206 2360 1302 2385 nunc
1329 2350 1512 2395 superbus

271 2411 308 2445 et
334 2407 565 2455 superfluens
590 2427 639 2437 —
655 2407 930 2445 Perambulabit
954 2409 1116 2446 omnium
1137 2408 1276 2445 cubilia
1301 2427 1351 2436 —
1374 2409 1426 2445 Ut
1450 2407 1526 2445 al·
