1815 2973
713 172 760 197 An
783 173 966 199 carnutum
994 163 1053 198 114
1063 164 1085 197 6
1436 164 1480 197 45

226 241 230 245 ’
275 227 504 299 mirandum
526 241 748 299 Hauptitum
777 240 1040 282 Lachmanno
1057 253 1268 281 assensum
1282 228 1421 282 fuisse.
1436 240 1522 280 Alii

277 308 329 349 ad
347 307 574 348 'lectionem
603 306 788 348 codicum
818 306 1035 347 redierunt
1053 305 1218 348 edentes
1238 304 1315 361 (sic
1335 303 1520 359 Ellisius)

264 373 384 413 'dum
395 373 517 414 modo
529 374 623 424 ipse
637 376 771 424 efficat,
789 372 832 411 in
851 384 931 423 qua
954 376 1081 419 certe,
1100 373 1135 412 si
1150 372 1307 413 hiatum
1328 373 1521 424 excipias,

277 439 384 480 nihil
403 442 476 486 est,
500 437 607 491 quod
623 436 789 490 quidem
811 436 1002 478 offendat.
1019 437 1104 477 Alii
1122 449 1222 479 vero
1239 437 1315 492 (sic
1331 439 1381 480 L.
1399 437 1519 480 Miill.

219 543 222 548 ,
278 504 410 556 praef.
442 518 479 556 p.
509 504 769 554 XXXVIII),
795 515 920 556 quum
939 514 1069 555 neque
1089 505 1132 543 in
1153 506 1302 544 ceteris
1323 505 1523 544 Catullia-

279 571 357 617 nis,
379 581 513 621 neque
534 567 640 620 apud
662 568 846 621 reliquos
866 569 1072 609 Romanos
1100 572 1287 609 auctores
1317 570 1361 609 in
1390 571 1522 610 altero

279 635 527 686 pentametri
555 634 815 673 hemistichio
840 633 978 673 hiatus
1009 646 1189 685 unquam
1218 640 1422 683 occurrat,
1452 647 1524 676 ne-

279 703 379 753 gant
394 698 605 740 Catullum
620 698 698 738 hoc
716 699 758 737 in
773 697 861 738 loco
879 698 935 737 ita
952 699 1178 750 scripsisse.
1192 700 1383 740 Ceterum
1399 700 1523 741 Muel-

280 766 392 806 ler-us
421 776 544 815 quum
568 764 709 804 ederet
733 764 837 803 dum
866 764 993 804 modo
1019 776 1066 804 eo
1097 765 1191 816 ipse
1211 770 1343 816 eyeat,
1364 766 1522 805 hiatum

280 830 441 886 quidem
458 830 636 876 sustulit,
652 829 722 870 sed
738 841 903 870 versum
919 830 1239 870 inconcinnumr
1254 830 1418 872 eddidit.
1434 832 1522 884 Ego

282 900 418 937 autem
447 896 710 936 scribendum
745 908 894 936 censeo
930 897 1034 936 dum
1066 897 1219 936 domus
1254 898 1352 947 ipsa
1386 901 1521 949 eqeat.

283 964 412 1009 Quem
435 974 565 1000 meam
595 961 812 1000 lectionem
842 962 876 1000 si
905 961 1148 1013 experiendi
1176 974 1301 1001 causa
1331 963 1522 1014 accipias,

282 1028 440 1067 videbis
460 1040 541 1067 non
563 1027 682 1067 modo
702 1028 744 1066 in
764 1027 988 1079 penultimo
1008 1040 1148 1074 versu,
1167 1027 1238 1067 sed
1257 1028 1380 1067 etiam
1400 1029 1443 1067 in
1464 1029 1527 1068 ul-

283 1094 380 1134 timo
400 1093 510 1133 belle
530 1092 607 1132 sibi
631 1105 685 1132 ex
706 1092 938 1132 Catulliano
953 1092 1113 1133 dicendi
1128 1105 1281 1146 genere
1297 1092 1367 1146 (cf.
1384 1106 1472 1147 cap.
1488 1094 1526 1133 11

284 1159 318 1213 ξ.
342 1158 414 1212 IV)
436 1158 563 1198 verba
584 1158 857 1211 respondere:
889 1159 933 1197 in
952 1160 1176 1210 penultimo
1196 1160 1306 1198 enim
1332 1172 1455 1199 versu
1482 1169 1527 1210 τῷ

284 1225 468 1266 concedo
497 1225 558 1265 sit
588 1225 710 1266 dives
739 1225 984 1277 respondent
1000 1226 1105 1266 dum
1124 1227 1271 1267 omnia
1291 1226 1455 1266 desint:
1484 1227 1526 1265 in

283 1291 424 1331 ultimo
454 1290 514 1344 (in
543 1303 624 1344 quo
646 1291 943 1331 Lachmannus
968 1296 1008 1331 et
1037 1293 1239 1344 Hauptius
1268 1291 1309 1332 id
1338 1305 1438 1332 sane
1467 1290 1530 1330 in·

284 1356 533 1396 tellexerunt
579 1357 737 1408 requiri
786 1357 1110 1404 substantivum,
1160 1358 1228 1409 qui
1273 1357 1529 1397 substantivo

284 1424 420 1462 saltui
447 1422 733 1474 responderet,
765 1422 836 1462 sed
865 1422 978 1462 aliud
1007 1435 1075 1463 eos
1104 1423 1231 1475 fugit,
1263 1424 1457 1463 nimirum
1496 1424 1529 1462 si

286 1489 514 1528 subiectum
545 1489 599 1528 sit
628 1489 733 1538 ipse,
762 1482 766 1486 ⁴
791 1489 895 1528 sicut
934 1491 1107 1539 uterque
1145 1488 1322 1535 volebat,
1344 1492 1529 1541 praeter-

286 1567 408 1606 quam
438 1553 546 1606 quod
576 1554 805 1603 sententia,
841 1554 900 1594 uti
931 1553 1048 1594 modo
1085 1554 1316 1596 monebam.
1357 1553 1529 1594 efficitur

285 1633 424 1673 prava,
455 1620 583 1659 verba
614 1621 724 1659 inter
755 1633 798 1659 se
829 1621 964 1659 minus
984 1620 1094 1659 helle
1116 1620 1381 1673 respondere)
1404 1621 1443 1659 in
1464 1621 1528 1659 ul-

286 1687 381 1725 timo
410 1699 449 1725 v,
475 1686 575 1725 scite
597 1686 763 1725 omnino
786 1690 826 1725 et
855 1689 1001 1738 argute
1030 1686 1168 1726 saltui
1197 1686 1417 1726 laudando
1448 1686 1528 1727 Ca-

286 1751 410 1790 tullus
440 1752 698 1802 opposuisset
724 1752 881 1790 domus
910 1763 1055 1803 eyena.

358 1816 443 1855 Iam
473 1820 584 1868 leges
612 1816 754 1868 igitur,
791 1816 824 1856 si
867 1828 959 1856 mea
999 1816 1166 1868 probas,
1212 1828 1378 1856 carmen
1423 1817 1527 1856 inte-

287 1894 407 1934 grum
436 1882 520 1921 ita:

384 1981 574 2017 Firmano·
592 1982 690 2017 saltu
708 1993 782 2017 non
807 1981 901 2018 falso
927 1982 1094 2018 Mentula
1121 1982 1224 2017 dives

433 2041 585 2084 Fertur,
615 2041 677 2088 qui
702 2045 757 2077 tot
782 2053 843 2078 res
869 2043 906 2077 in
931 2053 970 2078 se
996 2043 1106 2078 habet
1131 2042 1315 2089 egregias,

386 2102 609 2148 Aucupium,
638 2113 746 2138 omne
772 2114 889 2149 genus
909 2103 1030 2149 piscis,
1051 2107 1172 2149 prata,
1192 2114 1283 2139 arva
1302 2103 1486 2149 ferasque.

432 2161 712 2208 Nequicquam:
742 2161 888 2198 fructus
914 2162 1122 2211 sumptibus
1147 2167 1339 2208 exuperat.

358 2271 360 2273 ‚
385 2223 508 2266 Quare
526 2223 688 2258 concedo
715 2223 762 2258 sit
787 2223 903 2268 dives,
931 2224 1018 2259 dum
1044 2224 1163 2259 omnia
1184 2224 1315 2260 des²nt.

434 2280 575 2319 Saltum
601 2282 807 2326 laudemus,
833 2282 927 2318 dum
953 2282 1088 2319 domus
1115 2283 1200 2329 ipsa
1225 2287 1347 2329 eyeat.

749 2408 1073 2424 m
