<?xml version="1.0" encoding="UTF-8"?>
<!DOCTYPE html PUBLIC "-//W3C//DTD XHTML 1.0 Transitional//EN"
    "http://www.w3.org/TR/xhtml1/DTD/xhtml1-transitional.dtd">
<html xmlns="http://www.w3.org/1999/xhtml" xml:lang="en" lang="en">
 <head>
  <title>
</title>
<meta http-equiv="Content-Type" content="text/html;charset=utf-8" />
  <meta name='ocr-system' content='tesseract 3.04.00' />
  <meta name='ocr-capabilities' content='ocr_page ocr_carea ocr_par ocr_line ocrx_word'/>
</head>
<body>
  <div class='ocr_page' id='page_1' title='image "4737923_0099.png"; bbox 0 0 1815 2973; ppageno 0'>
   <div class='ocr_carea' id='block_1_1' title="bbox 0 0 1650 442">
    <p class='ocr_par' dir='ltr' id='par_1_1' title="bbox 0 0 1650 442">
     <span class='ocr_line' id='line_1_1' title="bbox 0 0 1650 442; baseline 0 0"><span class='ocrx_word' id='word_1_1' title='bbox 0 0 1650 442; x_wconf 95' lang='lat' dir='ltr'><strong>   </strong></span> 
     </span>
    </p>
   </div>
   <div class='ocr_carea' id='block_1_2' title="bbox 222 292 1520 997">
    <p class='ocr_par' dir='ltr' id='par_1_2' title="bbox 222 292 1520 933">
     <span class='ocr_line' id='line_1_2' title="bbox 229 292 1516 417; baseline -0.002 -17"><span class='ocrx_word' id='word_1_2' title='bbox 229 354 236 393; x_wconf 75' lang='grc' dir='ltr'><strong>ἓ</strong></span> <span class='ocrx_word' id='word_1_3' title='bbox 256 350 263 354; x_wconf 68' lang='grc'><em>’</em></span> <span class='ocrx_word' id='word_1_4' title='bbox 282 353 404 400; x_wconf 67' lang='lat' dir='ltr'><strong>mio</strong></span> <span class='ocrx_word' id='word_1_5' title='bbox 409 322 609 412; x_wconf 75' lang='lat' dir='ltr'><strong>sequitur,</strong></span> <span class='ocrx_word' id='word_1_6' title='bbox 630 337 747 398; x_wconf 81' lang='lat' dir='ltr'><strong>haec:</strong></span> <span class='ocrx_word' id='word_1_7' title='bbox 756 304 1000 406; x_wconf 74' lang='lat' dir='ltr'><strong>Hannibal,</strong></span> <span class='ocrx_word' id='word_1_8' title='bbox 1008 353 1186 400; x_wconf 76' lang='lat' dir='ltr'><strong>Acerris</strong></span> <span class='ocrx_word' id='word_1_9' title='bbox 1169 292 1376 411; x_wconf 78' lang='lat' dir='ltr'><strong>direptis</strong></span> <span class='ocrx_word' id='word_1_10' title='bbox 1392 361 1516 417; x_wconf 65' lang='lat' dir='ltr'><strong>atque</strong></span> 
     </span>
     <span class='ocr_line' id='line_1_3' title="bbox 232 415 1516 478; baseline 0 -15"><span class='ocrx_word' id='word_1_11' title='bbox 232 440 235 443; x_wconf 93' lang='lat'>·</span> <span class='ocrx_word' id='word_1_12' title='bbox 281 415 477 478; x_wconf 78' lang='lat' dir='ltr'><strong>incensis,</strong></span> <span class='ocrx_word' id='word_1_13' title='bbox 508 432 608 463; x_wconf 81' lang='lat' dir='ltr'><strong>cum</strong></span> <span class='ocrx_word' id='word_1_14' title='bbox 634 433 662 463; x_wconf 84' lang='lat' dir='ltr'><strong>a</strong></span> <span class='ocrx_word' id='word_1_15' title='bbox 692 420 853 464; x_wconf 78' lang='lat' dir='ltr'><strong>Casino</strong></span> <span class='ocrx_word' id='word_1_16' title='bbox 880 423 1135 465; x_wconf 72' lang='lat' dir='ltr'><strong>dictatorem</strong></span> <span class='ocrx_word' id='word_1_17' title='bbox 1152 416 1405 472; x_wconf 78' lang='lat' dir='ltr'><strong>Romanum,</strong></span> <span class='ocrx_word' id='word_1_18' title='bbox 1423 415 1516 476; x_wconf 86' lang='lat' dir='ltr'><strong>etc.)</strong></span> 
     </span>
     <span class='ocr_line' id='line_1_4' title="bbox 281 483 1513 542; baseline -0.002 -13"><span class='ocrx_word' id='word_1_19' title='bbox 281 483 502 529; x_wconf 73' lang='lat' dir='ltr'><strong>Marcellus</strong></span> <span class='ocrx_word' id='word_1_20' title='bbox 547 490 682 529; x_wconf 89' lang='lat' dir='ltr'><strong>autem</strong></span> <span class='ocrx_word' id='word_1_21' title='bbox 724 486 776 528; x_wconf 88' lang='lat' dir='ltr'><strong>ad</strong></span> <span class='ocrx_word' id='word_1_22' title='bbox 820 487 1053 529; x_wconf 76' lang='lat' dir='ltr'>Suessulam</span> <span class='ocrx_word' id='word_1_23' title='bbox 1097 488 1341 529; x_wconf 82' lang='lat' dir='ltr'><strong>consederat</strong></span> <span class='ocrx_word' id='word_1_24' title='bbox 1384 487 1399 542; x_wconf 94' lang='lat'>(</span> <span class='ocrx_word' id='word_1_25' title='bbox 1413 485 1513 528; x_wconf 82' lang='lat' dir='ltr'><strong>Liv.</strong></span> 
     </span>
     <span class='ocr_line' id='line_1_5' title="bbox 281 549 1517 606; baseline -0.002 -12"><span class='ocrx_word' id='word_1_26' title='bbox 281 550 479 606; x_wconf 74' lang='lat'><strong>23,17,3).</strong></span> <span class='ocrx_word' id='word_1_27' title='bbox 494 551 624 593; x_wconf 84' lang='lat' dir='ltr'><strong>Erant</strong></span> <span class='ocrx_word' id='word_1_28' title='bbox 644 551 784 605; x_wconf 78' lang='lat' dir='ltr'><strong>igitur:</strong></span> <span class='ocrx_word' id='word_1_29' title='bbox 802 549 974 593; x_wconf 85' lang='lat' dir='ltr'><strong>dictator</strong></span> <span class='ocrx_word' id='word_1_30' title='bbox 993 551 1046 592; x_wconf 91' lang='lat' dir='ltr'><strong>ad</strong></span> <span class='ocrx_word' id='word_1_31' title='bbox 1064 551 1274 600; x_wconf 66' lang='lat' dir='ltr'><strong>Casinum</strong></span> <span class='ocrx_word' id='word_1_32' title='bbox 1293 550 1517 593; x_wconf 84' lang='lat' dir='ltr'><strong>Marcellus</strong></span> 
     </span>
     <span class='ocr_line' id='line_1_6' title="bbox 282 616 1518 671; baseline 0 -12"><span class='ocrx_word' id='word_1_33' title='bbox 282 617 334 659; x_wconf 78' lang='lat' dir='ltr'><strong>ad</strong></span> <span class='ocrx_word' id='word_1_34' title='bbox 361 617 614 665; x_wconf 65' lang='lat' dir='ltr'><strong>Suessulam</strong></span> <span class='ocrx_word' id='word_1_35' title='bbox 644 616 821 671; x_wconf 84' lang='lat' dir='ltr'><strong>denique</strong></span> <span class='ocrx_word' id='word_1_36' title='bbox 839 616 1088 670; x_wconf 84' lang='lat' dir='ltr'><strong>praesidium</strong></span> <span class='ocrx_word' id='word_1_37' title='bbox 1116 627 1289 671; x_wconf 86' lang='lat' dir='ltr'><strong>parvum</strong></span> <span class='ocrx_word' id='word_1_38' title='bbox 1324 627 1457 671; x_wconf 82' lang='lat' dir='ltr'><strong>nuper</strong></span> <span class='ocrx_word' id='word_1_39' title='bbox 1494 625 1518 659; x_wconf 83' lang='lat' dir='ltr'><strong>a</strong></span> 
     </span>
     <span class='ocr_line' id='line_1_7' title="bbox 284 682 1517 732; baseline -0.001 -9"><span class='ocrx_word' id='word_1_40' title='bbox 284 684 402 724; x_wconf 89' lang='lat' dir='ltr'><strong>nobis</strong></span> <span class='ocrx_word' id='word_1_41' title='bbox 423 687 783 732; x_wconf 82' lang='lat' dir='ltr'><strong>commemoratum</strong></span> <span class='ocrx_word' id='word_1_42' title='bbox 802 683 989 723; x_wconf 83' lang='lat' dir='ltr'>Casilini.</span> <span class='ocrx_word' id='word_1_43' title='bbox 1008 682 1113 728; x_wconf 85' lang='lat' dir='ltr'><strong>Quid</strong></span> <span class='ocrx_word' id='word_1_44' title='bbox 1134 692 1378 722; x_wconf 86' lang='lat' dir='ltr'><strong>censeamus</strong></span> <span class='ocrx_word' id='word_1_45' title='bbox 1406 692 1517 722; x_wconf 87' lang='lat' dir='ltr'><strong>nunc</strong></span> 
     </span>
     <span class='ocr_line' id='line_1_8' title="bbox 285 745 1516 801; baseline -0.001 -12"><span class='ocrx_word' id='word_1_46' title='bbox 285 749 467 795; x_wconf 82' lang='lat' dir='ltr'><strong>facturos</strong></span> <span class='ocrx_word' id='word_1_47' title='bbox 485 747 616 789; x_wconf 82' lang='lat' dir='ltr'><strong>fuisse</strong></span> <span class='ocrx_word' id='word_1_48' title='bbox 635 747 758 789; x_wconf 86' lang='lat' dir='ltr'><strong>duces</strong></span> <span class='ocrx_word' id='word_1_49' title='bbox 776 745 1002 796; x_wconf 87' lang='lat' dir='ltr'><strong>Romanos,</strong></span> <span class='ocrx_word' id='word_1_50' title='bbox 1025 760 1119 789; x_wconf 92' lang='lat' dir='ltr'><strong>cum</strong></span> <span class='ocrx_word' id='word_1_51' title='bbox 1140 759 1300 801; x_wconf 86' lang='lat' dir='ltr'><strong>semper</strong></span> <span class='ocrx_word' id='word_1_52' title='bbox 1320 748 1362 788; x_wconf 90' lang='lat' dir='ltr'><strong>in</strong></span> <span class='ocrx_word' id='word_1_53' title='bbox 1391 745 1516 788; x_wconf 85' lang='lat' dir='ltr'><strong>rebus</strong></span> 
     </span>
     <span class='ocr_line' id='line_1_9' title="bbox 258 800 1520 865; baseline -0.002 -12"><span class='ocrx_word' id='word_1_54' title='bbox 258 800 266 809; x_wconf 59' lang='lat'><strong><em>¹</em></strong></span> <span class='ocrx_word' id='word_1_55' title='bbox 284 814 469 854; x_wconf 83' lang='lat' dir='ltr'><strong>adversis</strong></span> <span class='ocrx_word' id='word_1_56' title='bbox 497 818 699 861; x_wconf 78' lang='lat' dir='ltr'><strong>strenuos,</strong></span> <span class='ocrx_word' id='word_1_57' title='bbox 731 818 817 853; x_wconf 90' lang='lat' dir='ltr'><strong>tum</strong></span> <span class='ocrx_word' id='word_1_58' title='bbox 838 815 1085 865; x_wconf 86' lang='lat' dir='ltr'><strong>praesertim</strong></span> <span class='ocrx_word' id='word_1_59' title='bbox 1106 814 1181 852; x_wconf 87' lang='lat' dir='ltr'><strong>tali</strong></span> <span class='ocrx_word' id='word_1_60' title='bbox 1200 813 1344 852; x_wconf 83' lang='lat' dir='ltr'><strong>habitu</strong></span> <span class='ocrx_word' id='word_1_61' title='bbox 1365 814 1520 852; x_wconf 91' lang='lat' dir='ltr'><strong>animo-</strong></span> 
     </span>
     <span class='ocr_line' id='line_1_10' title="bbox 222 875 1520 933; baseline -0.002 -12"><span class='ocrx_word' id='word_1_62' title='bbox 222 896 225 898; x_wconf 95' lang='lat'>·</span> <span class='ocrx_word' id='word_1_63' title='bbox 284 877 401 921; x_wconf 67' lang='lat' dir='ltr'><strong>rum?</strong></span> <span class='ocrx_word' id='word_1_64' title='bbox 429 876 628 933; x_wconf 89' lang='lat' dir='ltr'><strong>Equidem</strong></span> <span class='ocrx_word' id='word_1_65' title='bbox 656 875 784 920; x_wconf 85' lang='lat' dir='ltr'><strong>dicam</strong></span> <span class='ocrx_word' id='word_1_66' title='bbox 814 878 893 921; x_wconf 89' lang='lat' dir='ltr'><strong>hcc</strong></span> <span class='ocrx_word' id='word_1_67' title='bbox 912 879 988 920; x_wconf 86' lang='lat' dir='ltr'><strong>tibi</strong></span> <span class='ocrx_word' id='word_1_68' title='bbox 1007 890 1130 933; x_wconf 85' lang='lat' dir='ltr'><strong>quam</strong></span> <span class='ocrx_word' id='word_1_69' title='bbox 1153 878 1330 920; x_wconf 80' lang='lat' dir='ltr'><strong>maxime</strong></span> <span class='ocrx_word' id='word_1_70' title='bbox 1351 878 1520 920; x_wconf 79' lang='lat' dir='ltr'><strong>adseve-</strong></span> 
     </span>
    </p>

    <p class='ocr_par' dir='ltr' id='par_1_3' title="bbox 266 942 1520 997">
     <span class='ocr_line' id='line_1_11' title="bbox 266 942 1520 997; baseline -0.002 -13"><span class='ocrx_word' id='word_1_71' title='bbox 266 943 443 992; x_wconf 63' lang='lat' dir='ltr'><strong>xra&#39;nter,</strong></span> <span class='ocrx_word' id='word_1_72' title='bbox 475 946 552 984; x_wconf 89' lang='lat' dir='ltr'><strong>etsi</strong></span> <span class='ocrx_word' id='word_1_73' title='bbox 580 943 656 983; x_wconf 81' lang='lat' dir='ltr'><strong>h’oc</strong></span> <span class='ocrx_word' id='word_1_74' title='bbox 685 956 767 983; x_wconf 91' lang='lat' dir='ltr'><strong>non</strong></span> <span class='ocrx_word' id='word_1_75' title='bbox 795 945 980 984; x_wconf 86' lang='lat' dir='ltr'><strong>historici</strong></span> <span class='ocrx_word' id='word_1_76' title='bbox 1010 948 1151 997; x_wconf 86' lang='lat' dir='ltr'><strong>aperte</strong></span> <span class='ocrx_word' id='word_1_77' title='bbox 1182 942 1374 990; x_wconf 87' lang='lat' dir='ltr'><strong>tradunt,</strong></span> <span class='ocrx_word' id='word_1_78' title='bbox 1406 943 1477 982; x_wconf 90' lang='lat' dir='ltr'><strong>sed</strong></span> <span class='ocrx_word' id='word_1_79' title='bbox 1498 956 1520 982; x_wconf 90' lang='lat' dir='ltr'><strong>e</strong></span> 
     </span>
    </p>
   </div>
   <div class='ocr_carea' id='block_1_3' title="bbox 215 1008 1236 1050">
    <p class='ocr_par' dir='ltr' id='par_1_4' title="bbox 215 1008 1236 1050">
     <span class='ocr_line' id='line_1_12' title="bbox 215 1008 1236 1050; baseline 0 -1"><span class='ocrx_word' id='word_1_80' title='bbox 215 1012 218 1015; x_wconf 85' lang='grc'><strong><em>’</em></strong></span> <span class='ocrx_word' id='word_1_81' title='bbox 284 1008 402 1049; x_wconf 87' lang='lat' dir='ltr'><strong>Livio</strong></span> <span class='ocrx_word' id='word_1_82' title='bbox 431 1020 539 1050; x_wconf 91' lang='lat' dir='ltr'><strong>nunc</strong></span> <span class='ocrx_word' id='word_1_83' title='bbox 568 1008 729 1049; x_wconf 90' lang='lat' dir='ltr'><strong>demum</strong></span> <span class='ocrx_word' id='word_1_84' title='bbox 758 1009 875 1050; x_wconf 92' lang='lat' dir='ltr'><strong>nobis</strong></span> <span class='ocrx_word' id='word_1_85' title='bbox 904 1013 967 1050; x_wconf 91' lang='lat' dir='ltr'><strong>est</strong></span> <span class='ocrx_word' id='word_1_86' title='bbox 995 1008 1236 1049; x_wconf 89' lang='lat' dir='ltr'><strong>eruendum.</strong></span> 
     </span>
    </p>
   </div>
   <div class='ocr_carea' id='block_1_4' title="bbox 0 808 135 1356">
    <p class='ocr_par' dir='ltr' id='par_1_5' title="bbox 0 808 135 1356">
     <span class='ocr_line' id='line_1_13' title="bbox 0 808 135 1356; baseline 0 1617"><span class='ocrx_word' id='word_1_87' title='bbox 0 808 135 1356; x_wconf 95' lang='lat' dir='ltr'><strong> </strong></span> 
     </span>
    </p>
   </div>
   <div class='ocr_carea' id='block_1_5' title="bbox 0 1713 268 2973">
    <p class='ocr_par' dir='ltr' id='par_1_6' title="bbox 0 1713 268 2973">
     <span class='ocr_line' id='line_1_14' title="bbox 0 1713 268 2973; baseline 0 0"><span class='ocrx_word' id='word_1_88' title='bbox 0 1713 268 2973; x_wconf 95' lang='lat' dir='ltr'><strong> </strong></span> 
     </span>
    </p>
   </div>
   <div class='ocr_carea' id='block_1_6' title="bbox 283 1067 1524 2439">
    <p class='ocr_par' dir='ltr' id='par_1_7' title="bbox 283 1067 1522 1913">
     <span class='ocr_line' id='line_1_15' title="bbox 338 1067 1521 1127; baseline -0.001 -14"><span class='ocrx_word' id='word_1_89' title='bbox 338 1074 477 1127; x_wconf 84' lang='lat' dir='ltr'><strong>Capua</strong></span> <span class='ocrx_word' id='word_1_90' title='bbox 505 1078 595 1115; x_wconf 86' lang='lat' dir='ltr'><strong>erat</strong></span> <span class='ocrx_word' id='word_1_91' title='bbox 622 1067 807 1114; x_wconf 78' lang='lat' dir='ltr'><strong>maxima</strong></span> <span class='ocrx_word' id='word_1_92' title='bbox 828 1086 854 1114; x_wconf 89' lang='lat' dir='ltr'><strong>a</strong></span> <span class='ocrx_word' id='word_1_93' title='bbox 881 1075 1012 1115; x_wconf 88' lang='lat' dir='ltr'><strong>Roma</strong></span> <span class='ocrx_word' id='word_1_94' title='bbox 1042 1074 1140 1114; x_wconf 90' lang='lat' dir='ltr'><strong>urbs</strong></span> <span class='ocrx_word' id='word_1_95' title='bbox 1169 1073 1331 1114; x_wconf 86' lang='lat' dir='ltr'><strong>Italiae:</strong></span> <span class='ocrx_word' id='word_1_96' title='bbox 1363 1084 1416 1113; x_wconf 89' lang='lat' dir='ltr'><strong>ex</strong></span> <span class='ocrx_word' id='word_1_97' title='bbox 1441 1076 1521 1125; x_wconf 79' lang='lat' dir='ltr'><strong>quo</strong></span> 
     </span>
     <span class='ocr_line' id='line_1_16' title="bbox 284 1138 1522 1192; baseline 0 -14"><span class='ocrx_word' id='word_1_98' title='bbox 284 1151 333 1179; x_wconf 89' lang='lat' dir='ltr'><strong>ea</strong></span> <span class='ocrx_word' id='word_1_99' title='bbox 362 1140 405 1178; x_wconf 91' lang='lat' dir='ltr'><strong>in</strong></span> <span class='ocrx_word' id='word_1_100' title='bbox 433 1138 626 1179; x_wconf 86' lang='lat' dir='ltr'><strong>ditionem</strong></span> <span class='ocrx_word' id='word_1_101' title='bbox 656 1139 1057 1192; x_wconf 83' lang='lat' dir='ltr'><strong>Carthaginiensium</strong></span> <span class='ocrx_word' id='word_1_102' title='bbox 1082 1140 1209 1187; x_wconf 85' lang='lat' dir='ltr'><strong>venit,</strong></span> <span class='ocrx_word' id='word_1_103' title='bbox 1241 1139 1348 1179; x_wconf 80' lang='lat' dir='ltr'><strong>nihil</strong></span> <span class='ocrx_word' id='word_1_104' title='bbox 1377 1142 1522 1179; x_wconf 84' lang='lat' dir='ltr'><strong>tanto-</strong></span> 
     </span>
     <span class='ocr_line' id='line_1_17' title="bbox 284 1204 1522 1258; baseline -0.001 -14"><span class='ocrx_word' id='word_1_105' title='bbox 284 1216 382 1258; x_wconf 87' lang='lat' dir='ltr'><strong>pere</strong></span> <span class='ocrx_word' id='word_1_106' title='bbox 411 1204 678 1245; x_wconf 87' lang='lat' dir='ltr'><strong>elaborarunt</strong></span> <span class='ocrx_word' id='word_1_107' title='bbox 704 1205 904 1253; x_wconf 87' lang='lat' dir='ltr'><strong>Romani‚</strong></span> <span class='ocrx_word' id='word_1_108' title='bbox 936 1217 1056 1258; x_wconf 88' lang='lat' dir='ltr'><strong>quam</strong></span> <span class='ocrx_word' id='word_1_109' title='bbox 1087 1208 1130 1244; x_wconf 91' lang='lat' dir='ltr'><strong>ut</strong></span> <span class='ocrx_word' id='word_1_110' title='bbox 1158 1216 1207 1245; x_wconf 89' lang='lat' dir='ltr'><strong>ea</strong></span> <span class='ocrx_word' id='word_1_111' title='bbox 1239 1205 1389 1244; x_wconf 85' lang='lat' dir='ltr'><strong>iterum</strong></span> <span class='ocrx_word' id='word_1_112' title='bbox 1418 1204 1522 1257; x_wconf 88' lang='lat' dir='ltr'><strong>poti-</strong></span> 
     </span>
     <span class='ocr_line' id='line_1_18' title="bbox 284 1269 1522 1324; baseline 0 -14"><span class='ocrx_word' id='word_1_113' title='bbox 284 1274 444 1318; x_wconf 85' lang='lat' dir='ltr'><strong>rentur,</strong></span> <span class='ocrx_word' id='word_1_114' title='bbox 476 1270 516 1310; x_wconf 92' lang='lat' dir='ltr'><strong>id</strong></span> <span class='ocrx_word' id='word_1_115' title='bbox 544 1270 652 1324; x_wconf 85' lang='lat' dir='ltr'><strong>quod</strong></span> <span class='ocrx_word' id='word_1_116' title='bbox 680 1270 762 1310; x_wconf 77' lang='lat' dir='ltr'><strong>illis</strong></span> <span class='ocrx_word' id='word_1_117' title='bbox 791 1271 930 1323; x_wconf 83' lang='lat' dir='ltr'><strong>paucis</strong></span> <span class='ocrx_word' id='word_1_118' title='bbox 959 1274 1049 1323; x_wconf 88' lang='lat' dir='ltr'><strong>post</strong></span> <span class='ocrx_word' id='word_1_119' title='bbox 1075 1271 1197 1310; x_wconf 90' lang='lat' dir='ltr'><strong>annis</strong></span> <span class='ocrx_word' id='word_1_120' title='bbox 1237 1269 1400 1310; x_wconf 89' lang='lat' dir='ltr'><strong>demum</strong></span> <span class='ocrx_word' id='word_1_121' title='bbox 1428 1283 1522 1310; x_wconf 91' lang='lat' dir='ltr'><strong>suc-</strong></span> 
     </span>
     <span class='ocr_line' id='line_1_19' title="bbox 285 1334 1520 1389; baseline -0.001 -13"><span class='ocrx_word' id='word_1_122' title='bbox 285 1337 423 1376; x_wconf 86' lang='lat' dir='ltr'><strong>cessit.</strong></span> <span class='ocrx_word' id='word_1_123' title='bbox 456 1337 596 1389; x_wconf 87' lang='lat' dir='ltr'><strong>Capua</strong></span> <span class='ocrx_word' id='word_1_124' title='bbox 624 1340 760 1376; x_wconf 88' lang='lat' dir='ltr'><strong>autem</strong></span> <span class='ocrx_word' id='word_1_125' title='bbox 789 1334 922 1376; x_wconf 90' lang='lat' dir='ltr'><strong>media</strong></span> <span class='ocrx_word' id='word_1_126' title='bbox 951 1336 1109 1376; x_wconf 90' lang='lat' dir='ltr'><strong>iacente</strong></span> <span class='ocrx_word' id='word_1_127' title='bbox 1138 1337 1249 1376; x_wconf 85' lang='lat' dir='ltr'><strong>inter</strong></span> <span class='ocrx_word' id='word_1_128' title='bbox 1288 1335 1520 1376; x_wconf 88' lang='lat' dir='ltr'><strong>Suessulam</strong></span> 
     </span>
     <span class='ocr_line' id='line_1_20' title="bbox 285 1401 1520 1454; baseline -0.001 -12"><span class='ocrx_word' id='word_1_129' title='bbox 285 1402 354 1441; x_wconf 89' lang='lat' dir='ltr'><strong>ubi</strong></span> <span class='ocrx_word' id='word_1_130' title='bbox 383 1401 606 1442; x_wconf 88' lang='lat' dir='ltr'><strong>Marcellus</strong></span> <span class='ocrx_word' id='word_1_131' title='bbox 627 1401 879 1449; x_wconf 84' lang='lat' dir='ltr'><strong>consederat,</strong></span> <span class='ocrx_word' id='word_1_132' title='bbox 912 1405 952 1442; x_wconf 90' lang='lat' dir='ltr'><strong>et</strong></span> <span class='ocrx_word' id='word_1_133' title='bbox 981 1401 1208 1441; x_wconf 87' lang='lat' dir='ltr'><strong>Casilinum</strong></span> <span class='ocrx_word' id='word_1_134' title='bbox 1231 1402 1299 1442; x_wconf 91' lang='lat' dir='ltr'><strong>ubi</strong></span> <span class='ocrx_word' id='word_1_135' title='bbox 1324 1402 1520 1454; x_wconf 86' lang='lat' dir='ltr'><strong>exiguum</strong></span> 
     </span>
     <span class='ocr_line' id='line_1_21' title="bbox 284 1466 1519 1519; baseline 0.001 -14"><span class='ocrx_word' id='word_1_136' title='bbox 284 1466 385 1507; x_wconf 91' lang='lat' dir='ltr'><strong>illud</strong></span> <span class='ocrx_word' id='word_1_137' title='bbox 426 1466 671 1519; x_wconf 88' lang='lat' dir='ltr'><strong>praesidium</strong></span> <span class='ocrx_word' id='word_1_138' title='bbox 714 1466 885 1507; x_wconf 88' lang='lat' dir='ltr'><strong>militum</strong></span> <span class='ocrx_word' id='word_1_139' title='bbox 926 1467 1209 1507; x_wconf 87' lang='lat' dir='ltr'><strong>Romanorum</strong></span> <span class='ocrx_word' id='word_1_140' title='bbox 1256 1467 1519 1514; x_wconf 85' lang='lat' dir='ltr'><strong>constiterat,</strong></span> 
     </span>
     <span class='ocr_line' id='line_1_22' title="bbox 284 1532 1522 1585; baseline -0.001 -13"><span class='ocrx_word' id='word_1_141' title='bbox 284 1545 420 1572; x_wconf 90' lang='lat' dir='ltr'><strong>nonne</strong></span> <span class='ocrx_word' id='word_1_142' title='bbox 448 1537 565 1585; x_wconf 89' lang='lat' dir='ltr'><strong>putes</strong></span> <span class='ocrx_word' id='word_1_143' title='bbox 585 1533 709 1573; x_wconf 89' lang='lat' dir='ltr'><strong>duces</strong></span> <span class='ocrx_word' id='word_1_144' title='bbox 729 1533 937 1573; x_wconf 91' lang='lat' dir='ltr'><strong>Romanos</strong></span> <span class='ocrx_word' id='word_1_145' title='bbox 957 1537 998 1572; x_wconf 85' lang='lat' dir='ltr'><strong>et</strong></span> <span class='ocrx_word' id='word_1_146' title='bbox 1016 1533 1296 1574; x_wconf 89' lang='lat' dir='ltr'><strong>Romanorum</strong></span> <span class='ocrx_word' id='word_1_147' title='bbox 1317 1532 1357 1571; x_wconf 89' lang='lat' dir='ltr'><strong>in</strong></span> <span class='ocrx_word' id='word_1_148' title='bbox 1389 1532 1522 1573; x_wconf 88' lang='lat' dir='ltr'><strong>Cam-</strong></span> 
     </span>
     <span class='ocr_line' id='line_1_23' title="bbox 283 1596 1520 1650; baseline -0.001 -12"><span class='ocrx_word' id='word_1_149' title='bbox 283 1598 404 1650; x_wconf 88' lang='lat' dir='ltr'><strong>pania</strong></span> <span class='ocrx_word' id='word_1_150' title='bbox 432 1601 589 1650; x_wconf 89' lang='lat' dir='ltr'><strong>partem</strong></span> <span class='ocrx_word' id='word_1_151' title='bbox 620 1599 728 1638; x_wconf 87' lang='lat' dir='ltr'><strong>inter</strong></span> <span class='ocrx_word' id='word_1_152' title='bbox 757 1611 801 1638; x_wconf 90' lang='lat' dir='ltr'><strong>se</strong></span> <span class='ocrx_word' id='word_1_153' title='bbox 821 1598 870 1638; x_wconf 90' lang='lat' dir='ltr'><strong>de</strong></span> <span class='ocrx_word' id='word_1_154' title='bbox 901 1610 949 1638; x_wconf 89' lang='lat' dir='ltr'><strong>eo</strong></span> <span class='ocrx_word' id='word_1_155' title='bbox 979 1598 1230 1645; x_wconf 88' lang='lat' dir='ltr'><strong>convenisse,</strong></span> <span class='ocrx_word' id='word_1_156' title='bbox 1252 1602 1296 1638; x_wconf 90' lang='lat' dir='ltr'><strong>ut</strong></span> <span class='ocrx_word' id='word_1_157' title='bbox 1325 1596 1520 1638; x_wconf 84' lang='lat' dir='ltr'><strong>celeriter</strong></span> 
     </span>
     <span class='ocr_line' id='line_1_24' title="bbox 284 1663 1520 1717; baseline -0.001 -14"><span class='ocrx_word' id='word_1_158' title='bbox 284 1663 461 1717; x_wconf 77' lang='lat' dir='ltr'><strong>dictator</strong></span> <span class='ocrx_word' id='word_1_159' title='bbox 488 1664 542 1703; x_wconf 91' lang='lat' dir='ltr'><strong>M.</strong></span> <span class='ocrx_word' id='word_1_160' title='bbox 564 1664 704 1704; x_wconf 76' lang='lat' dir='ltr'><strong>Iunius</strong></span> <span class='ocrx_word' id='word_1_161' title='bbox 734 1664 960 1705; x_wconf 86' lang='lat' dir='ltr'><strong>Casilinum</strong></span> <span class='ocrx_word' id='word_1_162' title='bbox 980 1664 1059 1703; x_wconf 92' lang='lat' dir='ltr'><strong>iter</strong></span> <span class='ocrx_word' id='word_1_163' title='bbox 1084 1663 1245 1703; x_wconf 87' lang='lat' dir='ltr'><strong>faceret</strong></span> <span class='ocrx_word' id='word_1_164' title='bbox 1273 1672 1397 1716; x_wconf 88' lang='lat' dir='ltr'><strong>seque</strong></span> <span class='ocrx_word' id='word_1_165' title='bbox 1427 1673 1520 1704; x_wconf 89' lang='lat' dir='ltr'><strong>cum</strong></span> 
     </span>
     <span class='ocr_line' id='line_1_25' title="bbox 284 1726 1517 1782; baseline 0.001 -14"><span class='ocrx_word' id='word_1_166' title='bbox 284 1729 364 1769; x_wconf 89' lang='lat' dir='ltr'><strong>isto</strong></span> <span class='ocrx_word' id='word_1_167' title='bbox 391 1728 595 1781; x_wconf 88' lang='lat' dir='ltr'><strong>praesidio</strong></span> <span class='ocrx_word' id='word_1_168' title='bbox 623 1731 902 1781; x_wconf 87' lang='lat' dir='ltr'><strong>coniungeret,</strong></span> <span class='ocrx_word' id='word_1_169' title='bbox 922 1729 1199 1781; x_wconf 83' lang='lat' dir='ltr'><strong>continuoque</strong></span> <span class='ocrx_word' id='word_1_170' title='bbox 1228 1728 1419 1782; x_wconf 85' lang='lat' dir='ltr'><strong>deinceps</strong></span> <span class='ocrx_word' id='word_1_171' title='bbox 1439 1726 1517 1769; x_wconf 90' lang='lat' dir='ltr'><strong>Ca-</strong></span> 
     </span>
     <span class='ocr_line' id='line_1_26' title="bbox 284 1793 1521 1848; baseline 0 -15"><span class='ocrx_word' id='word_1_172' title='bbox 284 1806 404 1847; x_wconf 86' lang='lat' dir='ltr'><strong>puam</strong></span> <span class='ocrx_word' id='word_1_173' title='bbox 424 1806 449 1834; x_wconf 91' lang='lat' dir='ltr'><strong>a</strong></span> <span class='ocrx_word' id='word_1_174' title='bbox 469 1793 625 1834; x_wconf 86' lang='lat' dir='ltr'><strong>duabus</strong></span> <span class='ocrx_word' id='word_1_175' title='bbox 653 1795 837 1848; x_wconf 89' lang='lat' dir='ltr'><strong>partibus</strong></span> <span class='ocrx_word' id='word_1_176' title='bbox 855 1794 952 1834; x_wconf 89' lang='lat' dir='ltr'><strong>hinc</strong></span> <span class='ocrx_word' id='word_1_177' title='bbox 973 1793 1214 1841; x_wconf 83' lang='lat' dir='ltr'><strong>Marcellus,</strong></span> <span class='ocrx_word' id='word_1_178' title='bbox 1241 1794 1358 1834; x_wconf 91' lang='lat' dir='ltr'><strong>illinc</strong></span> <span class='ocrx_word' id='word_1_179' title='bbox 1379 1793 1521 1836; x_wconf 89' lang='lat' dir='ltr'><strong>Iunius</strong></span> 
     </span>
     <span class='ocr_line' id='line_1_27' title="bbox 284 1859 745 1913; baseline 0.002 -14"><span class='ocrx_word' id='word_1_180' title='bbox 284 1859 390 1900; x_wconf 91' lang='lat' dir='ltr'><strong>Pera</strong></span> <span class='ocrx_word' id='word_1_181' title='bbox 418 1859 745 1913; x_wconf 76' lang='lat' dir='ltr'><strong>aggiederetur2</strong></span> 
     </span>
    </p>

    <p class='ocr_par' dir='ltr' id='par_1_8' title="bbox 285 1925 1524 2439">
     <span class='ocr_line' id='line_1_28' title="bbox 338 1925 1515 1980; baseline 0.001 -15"><span class='ocrx_word' id='word_1_182' title='bbox 338 1925 393 1965; x_wconf 90' lang='lat' dir='ltr'><strong>At</strong></span> <span class='ocrx_word' id='word_1_183' title='bbox 420 1926 539 1966; x_wconf 91' lang='lat' dir='ltr'><strong>sicuti</strong></span> <span class='ocrx_word' id='word_1_184' title='bbox 566 1926 755 1974; x_wconf 88' lang='lat' dir='ltr'><strong>Romani,</strong></span> <span class='ocrx_word' id='word_1_185' title='bbox 785 1939 887 1980; x_wconf 87' lang='lat' dir='ltr'><strong>quos</strong></span> <span class='ocrx_word' id='word_1_186' title='bbox 908 1927 1039 1967; x_wconf 80' lang='lat' dir='ltr'><strong>virtus</strong></span> <span class='ocrx_word' id='word_1_187' title='bbox 1059 1926 1303 1980; x_wconf 87' lang='lat' dir='ltr'><strong>praesertim</strong></span> <span class='ocrx_word' id='word_1_188' title='bbox 1324 1925 1515 1967; x_wconf 87' lang='lat' dir='ltr'><strong>Marcelli</strong></span> 
     </span>
     <span class='ocr_line' id='line_1_29' title="bbox 285 1987 1516 2045; baseline 0 -14"><span class='ocrx_word' id='word_1_189' title='bbox 285 1990 337 2031; x_wconf 87' lang='lat' dir='ltr'><strong>ad</strong></span> <span class='ocrx_word' id='word_1_190' title='bbox 351 2003 463 2044; x_wconf 91' lang='lat' dir='ltr'><strong>spem</strong></span> <span class='ocrx_word' id='word_1_191' title='bbox 480 1992 623 2036; x_wconf 85' lang='lat' dir='ltr'><strong>salutis</strong></span> <span class='ocrx_word' id='word_1_192' title='bbox 638 2004 763 2045; x_wconf 87' lang='lat' dir='ltr'><strong>aegre</strong></span> <span class='ocrx_word' id='word_1_193' title='bbox 779 1987 952 2045; x_wconf 89' lang='lat' dir='ltr'><strong>primu&#39;m</strong></span> <span class='ocrx_word' id='word_1_194' title='bbox 969 1996 1173 2040; x_wconf 83' lang='lat' dir='ltr'><strong>erexerat,</strong></span> <span class='ocrx_word' id='word_1_195' title='bbox 1185 1995 1327 2045; x_wconf 85' lang='lat' dir='ltr'><strong>postea</strong></span> <span class='ocrx_word' id='word_1_196' title='bbox 1337 1992 1453 2044; x_wconf 90' lang='lat' dir='ltr'><strong>quasi</strong></span> <span class='ocrx_word' id='word_1_197' title='bbox 1463 1991 1516 2032; x_wconf 80' lang='lat' dir='ltr'><strong>ad</strong></span> 
     </span>
     <span class='ocr_line' id='line_1_30' title="bbox 285 2050 1511 2111; baseline 0 -13"><span class='ocrx_word' id='word_1_198' title='bbox 285 2069 434 2098; x_wconf 81' lang='lat' dir='ltr'><strong>novam</strong></span> <span class='ocrx_word' id='word_1_199' title='bbox 461 2058 595 2098; x_wconf 90' lang='lat' dir='ltr'><strong>lucem</strong></span> <span class='ocrx_word' id='word_1_200' title='bbox 623 2056 894 2111; x_wconf 87' lang='lat' dir='ltr'><strong>aspiciendam</strong></span> <span class='ocrx_word' id='word_1_201' title='bbox 915 2050 1196 2106; x_wconf 84' lang='lat' dir='ltr'><strong>revocaverat,</strong></span> <span class='ocrx_word' id='word_1_202' title='bbox 1220 2058 1382 2099; x_wconf 86' lang='lat' dir='ltr'><strong>naviter</strong></span> <span class='ocrx_word' id='word_1_203' title='bbox 1402 2069 1511 2098; x_wconf 90' lang='lat' dir='ltr'><strong>nunc</strong></span> 
     </span>
     <span class='ocr_line' id='line_1_31' title="bbox 285 2115 1517 2178; baseline -0.002 -15"><span class='ocrx_word' id='word_1_204' title='bbox 285 2123 494 2164; x_wconf 87' lang='lat' dir='ltr'><strong>fortunam</strong></span> <span class='ocrx_word' id='word_1_205' title='bbox 508 2123 608 2164; x_wconf 89' lang='lat' dir='ltr'><strong>belli</strong></span> <span class='ocrx_word' id='word_1_206' title='bbox 623 2128 822 2177; x_wconf 86' lang='lat' dir='ltr'><strong>temptare</strong></span> <span class='ocrx_word' id='word_1_207' title='bbox 838 2137 930 2165; x_wconf 90' lang='lat' dir='ltr'><strong>sese</strong></span> <span class='ocrx_word' id='word_1_208' title='bbox 943 2124 1161 2178; x_wconf 86' lang='lat' dir='ltr'><strong>parabant,</strong></span> <span class='ocrx_word' id='word_1_209' title='bbox 1180 2124 1237 2164; x_wconf 83' lang='lat' dir='ltr'><strong>ita</strong></span> <span class='ocrx_word' id='word_1_210' title='bbox 1254 2128 1293 2164; x_wconf 91' lang='lat' dir='ltr'><strong>et</strong></span> <span class='ocrx_word' id='word_1_211' title='bbox 1307 2115 1517 2164; x_wconf 82' lang='lat' dir='ltr'><strong>Hannibal</strong></span> 
     </span>
     <span class='ocr_line' id='line_1_32' title="bbox 285 2187 1521 2241; baseline -0.001 -12"><span class='ocrx_word' id='word_1_212' title='bbox 285 2191 430 2229; x_wconf 90' lang='lat' dir='ltr'><strong>contra</strong></span> <span class='ocrx_word' id='word_1_213' title='bbox 443 2189 664 2230; x_wconf 88' lang='lat' dir='ltr'><strong>nitebatur.</strong></span> <span class='ocrx_word' id='word_1_214' title='bbox 677 2188 1009 2231; x_wconf 84' lang='lat' dir='ltr'><strong>Fundamentum</strong></span> <span class='ocrx_word' id='word_1_215' title='bbox 1021 2194 1061 2230; x_wconf 91' lang='lat' dir='ltr'><strong>et</strong></span> <span class='ocrx_word' id='word_1_216' title='bbox 1074 2189 1265 2230; x_wconf 88' lang='lat' dir='ltr'><strong>columen</strong></span> <span class='ocrx_word' id='word_1_217' title='bbox 1275 2192 1366 2229; x_wconf 84' lang='lat' dir='ltr'><strong>erat</strong></span> <span class='ocrx_word' id='word_1_218' title='bbox 1381 2187 1521 2241; x_wconf 84' lang='lat' dir='ltr'><strong>Capua</strong></span> 
     </span>
     <span class='ocr_line' id='line_1_33' title="bbox 286 2252 1524 2308; baseline 0.001 -14"><span class='ocrx_word' id='word_1_219' title='bbox 286 2256 375 2295; x_wconf 87' lang='lat' dir='ltr'><strong>eius</strong></span> <span class='ocrx_word' id='word_1_220' title='bbox 391 2256 434 2294; x_wconf 92' lang='lat' dir='ltr'><strong>in</strong></span> <span class='ocrx_word' id='word_1_221' title='bbox 451 2254 570 2295; x_wconf 89' lang='lat' dir='ltr'><strong>ltalia</strong></span> <span class='ocrx_word' id='word_1_222' title='bbox 586 2255 753 2303; x_wconf 86' lang='lat' dir='ltr'><strong>virium,</strong></span> <span class='ocrx_word' id='word_1_223' title='bbox 767 2254 870 2295; x_wconf 77' lang='lat' dir='ltr'><strong>adeo</strong></span> <span class='ocrx_word' id='word_1_224' title='bbox 886 2258 931 2295; x_wconf 89' lang='lat' dir='ltr'><strong>ut</strong></span> <span class='ocrx_word' id='word_1_225' title='bbox 946 2254 1323 2308; x_wconf 85' lang='lat' dir='ltr'><strong>deincepsfortuna</strong></span> <span class='ocrx_word' id='word_1_226' title='bbox 1339 2255 1439 2302; x_wconf 89' lang='lat' dir='ltr'><strong>eius,</strong></span> <span class='ocrx_word' id='word_1_227' title='bbox 1450 2252 1524 2295; x_wconf 85' lang='lat' dir='ltr'><strong>Ca-</strong></span> 
     </span>
     <span class='ocr_line' id='line_1_34' title="bbox 285 2319 1521 2372; baseline 0 -13"><span class='ocrx_word' id='word_1_228' title='bbox 285 2332 366 2372; x_wconf 87' lang='lat' dir='ltr'><strong>pua</strong></span> <span class='ocrx_word' id='word_1_229' title='bbox 385 2331 495 2360; x_wconf 87' lang='lat' dir='ltr'><strong>anno</strong></span> <span class='ocrx_word' id='word_1_230' title='bbox 515 2333 556 2360; x_wconf 92' lang='lat' dir='ltr'><strong>u.</strong></span> <span class='ocrx_word' id='word_1_231' title='bbox 580 2333 616 2360; x_wconf 88' lang='lat' dir='ltr'><strong>c.</strong></span> <span class='ocrx_word' id='word_1_232' title='bbox 639 2320 815 2361; x_wconf 78' lang='lat' dir='ltr'>DXLIII</span> <span class='ocrx_word' id='word_1_233' title='bbox 829 2331 972 2360; x_wconf 87' lang='lat' dir='ltr'><strong>rursus</strong></span> <span class='ocrx_word' id='word_1_234' title='bbox 988 2333 1013 2361; x_wconf 90' lang='lat' dir='ltr'><strong>a</strong></span> <span class='ocrx_word' id='word_1_235' title='bbox 1027 2319 1222 2370; x_wconf 85' lang='lat' dir='ltr'><strong>Romanis</strong></span> <span class='ocrx_word' id='word_1_236' title='bbox 1238 2320 1521 2372; x_wconf 57' lang='lat' dir='ltr'><strong>capta,‘statim</strong></span> 
     </span>
     <span class='ocr_line' id='line_1_35' title="bbox 287 2385 1522 2439; baseline -0.002 -12"><span class='ocrx_word' id='word_1_237' title='bbox 287 2385 337 2427; x_wconf 86' lang='lat' dir='ltr'><strong>ad</strong></span> <span class='ocrx_word' id='word_1_238' title='bbox 352 2398 540 2427; x_wconf 84' lang='lat' dir='ltr'><strong>occasum</strong></span> <span class='ocrx_word' id='word_1_239' title='bbox 555 2389 758 2439; x_wconf 88' lang='lat' dir='ltr'><strong>vergeret.</strong></span> <span class='ocrx_word' id='word_1_240' title='bbox 771 2385 1115 2430; x_wconf 86' lang='lat' dir='ltr'><strong>Quemadmodum</strong></span> <span class='ocrx_word' id='word_1_241' title='bbox 1132 2386 1260 2439; x_wconf 84' lang='lat' dir='ltr'><strong>igitur</strong></span> <span class='ocrx_word' id='word_1_242' title='bbox 1274 2385 1384 2426; x_wconf 87' lang='lat' dir='ltr'><strong>inter</strong></span> <span class='ocrx_word' id='word_1_243' title='bbox 1397 2385 1522 2427; x_wconf 85' lang='lat' dir='ltr'><strong>duces</strong></span> 
     </span>
    </p>
   </div>
   <div class='ocr_carea' id='block_1_7' title="bbox 0 322 1649 806">
    <p class='ocr_par' dir='ltr' id='par_1_9' title="bbox 0 322 1649 806">
     <span class='ocr_line' id='line_1_36' title="bbox 0 322 1649 806; baseline 0 -414"><span class='ocrx_word' id='word_1_244' title='bbox 0 442 261 806; x_wconf 95' lang='lat' dir='ltr'><strong> </strong></span> <span class='ocrx_word' id='word_1_245' title='bbox 1516 322 1649 392; x_wconf 95' lang='lat' dir='ltr'><strong> </strong></span> 
     </span>
    </p>
   </div>
  </div>
 </body>
</html>
