1815 2973
602 226 647 251 nn
671 199 840 252 vonimus
863 196 937 253 ‘'tri-1
952 229 1026 254 Lm
1046 220 1190 262 21‚1-20
1253 258 1256 260 ,
1429 218 1469 254 51
1501 210 1505 214 ’

284 288 381 338 ιίὲὶη
401 293 760 348 ’νθῙ’”’ᾶὶεοῐ·θΡθῐιῐ,
795 308 916 348 quum
947 310 970 338 e
997 299 1203 338 contrario
1244 309 1314 338 eos
1356 295 1514 346 deceat,

280 362 353 413 qui
381 360 615 401 litterarum
643 360 730 400 fata
758 362 1049 415 pervestigant,
1082 363 1124 402 in
1151 357 1357 406 ¹rationem
1392 375 1517 417 quum

284 426 534 477 reliquorum
566 438 746 477 operum,
782 430 863 479 tum
907 428 1027 467 etiam
1066 428 1355 470 historicorum
1402 428 1512 483 apud

289 494 450 530 veteres
480 490 867 531 conscribendorum
897 497 1086 532 accurat-e
1115 494 1339 546 inquirere.

372 557 421 595 11.
446 556 587 607 Capita
607 557 683 594 ista
705 556 867 607 viginti,
890 557 933 594 in
953 558 1161 608 peculiari,
1182 558 1232 597 ad
1252 559 1388 598 fontes
1408 559 1516 610 qued

268 624 442 668 attinet,
473 632 641 673 prorsus
672 624 768 659 sunt
795 632 939 660 causa.
974 621 1118 660 Locum
1148 622 1280 662 critici
1323 623 1514 662 bifariam

284 687 469 729 dividere
499 689 813 731 consueverunt,
853 689 973 737 prout
988 687 1163 738 vestigia
1179 687 1323 739 Polyb.
1356 692 1426 728 aut
1453 690 1516 728 in-

282 756 378 794 sunt
414 753 486 791 aut
525 762 608 789 non
647 751 800 789 insunt.
847 751 1176 802 Verumzneque
1218 751 1321 792 haec
1363 752 1510 793 divisio

282 819 483 858 rationem
512 816 656 861 habet,
688 827 819 867 neque
849 816 984 854 omnia
1028 815 1161 856 adhuc
1202 818 1378 868 vestigia
1421 818 1511 858 Pol.

285 887 381 923 sunt
422 884 661 933 perspecta.
710 881 870 932 polybii
914 881 1090 935 vestigia
1137 893 1219 921 non
1264 882 1380 921 modo
1424 895 1516 923 cum

264 940 471 989 'omnibus
515 945 766 998 deprehendi
797 959 871 997 ego
900 947 978 986 bis:
1010 947 1116 994 21,5.
1150 947 1430 995 21,18,8-19,6
1460 948 1518 1001 (in

282 1020 456 1067 utroque
496 1013 584 1052 loco
627 1013 763 1051 Livius
806 1011 905 1051 adeo
949 1024 1039 1051 cum
1082 1012 1170 1051 Pol.
1209 1012 1352 1059 3,13‚5
1382 1025 1514 1066 seqq,
1566 1001 1570 1003 μ

282 1080 446 1128 32129
475 1080 692 1125 consentit,
725 1083 767 1117 ut
796 1090 889 1117 eum
918 1079 1091 1117 vertisse
1112 1078 1243 1117 videri
1258 1078 1417 1131 possit),
1443 1078 1517 1118 sed

237 1148 239 1150 ’
283 1148 405 1186 etiam
434 1145 539 1192 21,1.
569 1144 606 1184 2.
637 1145 688 1193 63
731 1147 947 1195 praeterea
985 1144 1027 1182 in
1071 1144 1277 1183 nonnullis
1318 1155 1424 1195 quae
1468 1143 1520 1184 ad

281 1211 532 1252 notationem
562 1210 755 1261 temporis
785 1210 1006 1261 pertinent.
1035 1209 1175 1261 Neque
1204 1208 1313 1249 unde
1352 1221 1402 1250 ea
1436 1210 1519 1250 sint

283 1276 506 1329 repetenda
536 1275 670 1315 adhuc
697 1275 823 1326 probe
853 1275 1083 1326 quaesitum
1113 1274 1205 1314 suit.

333 1341 634 1394 Explicandum
669 1341 748 1379 erit
783 1341 909 1391 igitur
942 1340 1082 1386 nobis,
1114 1341 1288 1391 primum
1319 1344 1519 1392 quatenus

282 1407 390 1459 apud
411 1408 500 1446 Liv.
524 1404 692 1451 21,1-20
720 1399 896 1457 vesti'gIa
925 1405 1014 1444 Pol.
1037 1406 1283 1457 pertineant,
1302 1410 1386 1445 tum
1406 1405 1518 1446 unde

282 1474 362 1512 ista
382 1472 555 1523 vestigia
571 1472 652 1510 sint
668 1470 901 1522 repetenda.
917 1471 1083 1510 Partem
1098 1470 1256 1518 deinde,
1276 1471 1318 1509 in
1338 1483 1419 1522 qua
1439 1471 1517 1511 Po-

281 1538 385 1591 lybii
407 1537 581 1589 vestigia
610 1536 726 1576 nulla
756 1535 1132 1589 deprehenduntur,
1155 1548 1301 1576 rursus
1318 1535 1516 1576 bifariam

282 1616 356 1656 ego
377 1603 523 1650 divido,
545 1607 665 1654 prout
685 1602 842 1640 Livium
863 1614 951 1641 cum
974 1602 1110 1653 aliquo
1130 1607 1299 1641 auctore
1318 1602 1514 1641 conferre

281 1668 483 1720 hodieque
512 1671 583 1707 aut
610 1671 686 1713 est,
718 1671 788 1706 aut
817 1679 898 1705 non
928 1670 1004 1706 est.
1029 1668 1144 1713 Quae
1164 1670 1371 1719 postrema
1393 1680 1517 1719 quum

281 1734 452 1773 minoris
469 1733 551 1772 sint
569 1732 774 1777 momenti,
798 1732 934 1771 statim
954 1736 994 1771 et
1014 1735 1108 1771 ante
1124 1731 1284 1782 reliqua
1295 1732 1516 1786 absolvere

280 1798 458 1838 decrevi.
1107 1829 1110 1832 ,

332 1863 487 1903 Desunt
524 1861 628 1914 apud
662 1861 751 1901 Pol.
783 1872 887 1913 quae
927 1865 1023 1900 sunt
1067 1860 1172 1913 apud
1215 1860 1302 1905 Liv,
1333 1861 1445 1908 213.
1479 1862 1518 1901 4.

278 1929 442 1976 7-15,2.
472 1927 678 1975 9,3-1ί,2.
723 1927 820 1975 15,3
862 1939 971 1978 seqq.
1003 1925 1148 1979 (usque
1190 1926 1242 1967 ad
1269 1926 1408 1980 {finem
1446 1939 1514 1967 ca-

281 1993 404 2048 pitis).
434 1993 498 2034 16.
529 1993 595 2033 17.
629 1991 808 2036 19‚6-20.
839 1992 954 2032 Haec
983 1992 1222 2045 singillatim
1240 1992 1515 2045 inspiciamus.

391 2060 461 2099 ΙΙΙ.
491 2059 580 2098 Liv.
613 2057 776 2105 21‚15,3
806 2069 930 2109 usque
959 2057 1011 2096 ad
1040 2057 1164 2097 finem
1193 2059 1354 2110 capitis.
1377 2059 1520 2099 Pauca
1575 2103 1577 2105 ,

281 2129 377 2165 sunt
415 2125 484 2165 bic
522 2123 704 2171 dicenda,
736 2136 870 2175 quum,
911 2124 944 2163 si
987 2124 1116 2176 prima
1161 2125 1343 2176 excipias
1372 2110 1516 2173 herba,

281 2189 364 2244 (hie
392 2190 565 2242 vestigia
596 2189 683 2229 Pol.
715 2187 885 2242 extant),
916 2189 1056 2230 Livius
1075 2200 1171 2230 suus
1191 2190 1256 2229 sit.
1279 2189 1418 2230 Prima
1440 2191 1519 2231 ista

283 2256 410 2295 verba
439 2255 543 2295 haec
572 2259 692 2294 sunt:
735 2269 756 2291 «
785 2254 937 2294 Octavo
980 2267 1134 2301 mense,
1166 2268 1288 2307 quam
1330 2261 1518 2308 coeptum

219 2358 223 2361 .
286 2335 307 2358 «
335 2320 575 2373 oppugnari,
596 2322 758 2372 captum
779 2319 1003 2371 Saguntum
1023 2319 1185 2373 quidam
1206 2319 1412 2372 scripsere
1435 2320 1514 2375 (cf.

283 2402 304 2424 «
334 2387 477 2439 Polyb.
507 2385 688 2439 3,17,9);
723 2385 819 2426 inde
849 2385 1140 2438 Carthaginem
1180 2387 1337 2426 Novam
1366 2387 1409 2425 in
1439 2374 1514 2425 'hi-

287 2467 309 2490 «
336 2453 465 2493 berna
504 2451 756 2493 concessisse
799 2451 870 2505 (cf.
912 2450 1057 2504 Polyb.
1102 2450 1318 2504 3‚17,10);
1364 2452 1524 2506 quinto>
