1815 2973
407 194 624 238 1v÷satis
640 205 792 252 magna
809 198 909 240 erat
924 182 1037 240 sanc
1043 203 1177 256 οαΨ
1286 241 1289 245 ,
1329 229 1359 233 .,

299 262 342 303 in
371 262 641 303 conversione
668 262 744 304 illa
772 263 816 305 in
843 252 1068 317 Campania
1096 263 1349 312 animorum
1453 305 1455 307 ,

285 327 484 368 timeret:
516 326 590 368 sed
618 326 700 369 alia
728 339 887 382 quoque
914 338 1040 384 causa
1068 328 1206 370 statim
1244 327 1438 378 accessit,
1468 312 1538 370 oui

299 392 462 433 obviam
491 392 682 433 omnibus
709 393 867 434 viribus
897 380 1075 435 eundum
1113 405 1203 434 esse
1243 394 1538 446 sagacissimus

299 457 370 499 ille
399 457 484 498 dux
502 459 706 500 'continuo
726 459 984 513 perviderat3
1006 460 1200 500 nimirum
1220 457 1421 500 aduentus
1440 459 1551 500 alte«.

298 524 387 564 rius
417 524 623 564 exercitus
658 525 959 565 Romanorum.
989 524 1153 565 Etenim
1199 522 1323 564 facile
1366 522 1465 564 sane
1503 515 1541 565 ei
1590 559 1593 566 .

286 588 480 643 sortasse
508 589 748 642 contigisset
777 590 917 643 parvis
938 589 1155 643 praesidiis
1170 588 1321 642 ubique
1336 587 1548 643 dispositis,

298 655 479 695 inermes
509 654 732 708 oppidanos
763 657 805 696 in
834 656 1058 708 Campania
1097 656 1325 702 continere,
1356 652 1543 695 audacio·

296 719 493 772 ribusque
541 720 693 761 acerbe
736 721 779 761 in
804 720 1091 762 documentum
1131 720 1385 774 reliquorum
1420 720 1543 760 casti-

298 786 405 837 gatis
453 786 740 838 coercitisque,
770 786 988 827 universos
1032 787 1073 825 in
1111 786 1297 826 ordinem
1336 784 1540 837 redigere.

296 850 386 890 Hoc
413 862 572 903 quoque
602 850 729 891 facile
757 851 834 891 sibi
862 862 1148 892 successurum
1169 849 1261 892 fore
1282 860 1453 905 sperare
1472 863 1542 904 po-

298 918 375 955 tuit
398 917 617 966 Hannibal,
645 918 890 957 Marcellum
907 919 1100 956 nimirum
1117 918 1283 969 eiusque
1300 917 1539 961 exercitum,

298 980 553 1021 exercitibus
584 981 669 1021 suis
698 982 850 1034 ubique
879 981 1085 1035 oppositis,
1116 994 1207 1022 cum
1238 994 1263 1022 a
1292 981 1430 1035 Capua
1465 992 1540 1020 ar-

297 1057 408 1093 cere,
443 1050 525 1086 tum
557 1047 680 1085 etiam
710 1059 734 1086 a
765 1059 835 1098 spe
856 1047 944 1099 ipsa
965 1046 1187 1098 prohibere
1207 1047 1371 1099 Capuae
1391 1047 1540 1085 iterum

297 1110 531 1163 potiundae,
564 1111 697 1163 quoad
734 1111 874 1151 nullus
911 1123 1044 1152 novus
1084 1112 1291 1152 exercitus
1329 1111 1542 1150 Romanus

243 1223 247 1228 Ι
297 1176 400 1216 sines
430 1175 675 1228 Campaniae
705 1175 1011 1228 ingrederetur.
1036 1176 1115 1217 Sed
1145 1188 1257 1216 nunc
1285 1177 1412 1217 multa
1433 1188 1541 1216 nova

283 1240 575 1299 'Hannibalem
605 1242 918 1294 perturbabant.
943 1241 1127 1294 Namque
1156 1243 1330 1295 primum
1361 1243 1540 1283 omnium

283 1306 473 1349 ¹Casilini
502 1306 754 1359 praesidium
783 1307 967 1359 agitabat
1005 1308 1157 1360 exigua
1187 1320 1332 1348 manus
1365 1307 1540 1348 militum

281 1373 576 1413 Romanorum
599 1373 703 1425 (Liv.
723 1373 885 1420 23‚19‚8
907 1372 1055 1426 seqq.);
1080 1373 1186 1426 quod
1206 1372 1473 1426 praesidium,
1496 1377 1541 1414 ut

297 1437 505 1477 infirmum
535 1450 608 1490 per
638 1451 695 1485 se,
728 1440 783 1477 ita
814 1442 905 1477 erat
936 1438 1120 1477 futurum
1150 1438 1261 1478 haud
1297 1450 1426 1490 parva
1465 1450 1540 1478 ac-

283 1503 429 1543 -cessio
458 1503 624 1549 virium,
649 1503 682 1542 si
702 1515 745 1542 se
767 1515 858 1542 oum
888 1503 993 1543 iusto
1023 1504 1208 1543 exercitu
1238 1503 1537 1542 coniunxisset.

280 1568 451 1607 ·Romae
491 1571 723 1619 praeterea,
754 1568 824 1608 ubi
867 1568 1040 1620 primum
1086 1568 1136 1608 de
1179 1568 1386 1609 Cannensi
1421 1567 1539 1608 clade

296 1634 496 1673 certiores
525 1637 621 1673 sunt
654 1633 767 1680 facti,
799 1633 916 1672 nulla
955 1634 1198 1686 interposita
1242 1636 1370 1681 mora,
1403 1633 1540 1673 omnia

295 1699 473 1740 consilia
502 1699 552 1739 ad
576 1690 836 1752 ‘reparandas
865 1701 1030 1752 Imperii
1059 1700 1172 1740 vires
1203 1699 1369 1740 fuerant
1396 1710 1537 1747 versa;

295 1765 537 1806 Marcellum
567 1765 776 1813 nimirum,
808 1765 859 1804 ab
888 1766 1001 1806 Ostia
1033 1768 1279 1813 revocatum,
1316 1764 1539 1816 Canusium

295 1832 426 1884 primo
455 1834 496 1871 et
523 1834 665 1883 postea
694 1831 737 1869 in
768 1831 1033 1882 Campaniam
1064 1831 1265 1872 miserant
1294 1830 1399 1882 (Liv.
1418 1828 1541 1877 2257

297 1897 318 1936 1
352 1899 461 1949 seqq.
492 1896 662 1949 Appian.
702 1895 846 1937 Hann.
889 1896 984 1949 27),
1028 1900 1112 1936 tum
1153 1896 1391 1936 dictatorem
1425 1907 1542 1935 crea-

296 1965 408 2008 rant.
440 1962 511 2013 qui
541 1973 668 2001 novas
709 1961 845 2013 copias
892 1964 1071 2012 cogeret,
1101 1961 1157 2001 M.
1187 1961 1346 2001 Iunium
1389 1961 1539 2001 Peram

297 2026 422 2081 (Vide
451 2038 557 2079 quae
586 2026 636 2066 de
665 2026 731 2066 his
761 2027 888 2078 copiis
926 2027 1006 2065 iam
1036 2025 1337 2079 disputabimus
1374 2024 1424 2065 ad
1461 2026 1540 2066 Li-

295 2093 408 2133 vium
437 2092 636 2144 23‚32‚1).
670 2093 751 2138 Qui
779 2092 968 2138 dictator,
1000 2091 1158 2131 duabus
1196 2092 1432 2144 legionibus
1457 2104 1541 2147 *ur-

295 2159 415 2198 banis
459 2158 638 2210 scriptis,
685 2160 905 2209 praeterea
947 2157 1170 2197 volonibus
1211 2156 1268 2211 (id
1306 2161 1366 2198 est
1407 2158 1539 2198 servis

295 2222 562 2276 voluntariis)
592 2223 765 2275 aliisque
796 2223 926 2262 omnis
955 2224 1121 2274 generis
1157 2223 1355 2263 militibus
1385 2223 1538 2263 coactis

298 2289 409 2343 (Liv.
441 2289 603 2337 22,57,9
646 2301 757 2342 seqq.
788 2287 851 2329 Cf.
883 2288 1114 2341 Appianum
1159 2287 1300 2329 Hann.
1331 2287 1401 2342 27)
1444 2300 1538 2328 cum

296 2355 347 2396 iis
376 2355 428 2396 ab
457 2355 566 2396 Urbe
597 2355 638 2395 in
669 2355 932 2409 Campaniam
964 2355 1192 2407 profectus,
1216 2357 1353 2396 castra
1374 2353 1539 2396 v1detur
