1815 2973
588 502 680 552 AD
718 501 1091 553 CATULLUM
1125 502 1193 561 95,
1215 508 1239 557 7

733 919 963 961 CAPUT
1007 921 1096 960 VI.

398 1191 432 1230 Ι.
462 1190 576 1236 Quod
606 1202 732 1242 supra
775 1189 1050 1230 animadverti
1091 1190 1141 1230 de
1170 1190 1324 1232 Catulli
1365 1191 1532 1242 ingenio

291 1255 539 1295 abhorrente
568 1267 593 1294 a
622 1254 793 1295 latebris
822 1255 922 1302 illis,
952 1266 1083 1308 paene
1110 1254 1286 1295 dixerim
1301 1286 1311 1302 ‚
1344 1253 1534 1295 fictorum

293 1320 513 1367 nominum,
544 1320 620 1360 sub
648 1320 796 1372 quibus
824 1320 984 1372 aliquos
1013 1323 1214 1372 carperet,
1244 1323 1380 1360 movet
1398 1331 1463 1359 me
1483 1323 1529 1359 ut

293 1396 440 1438 negem
483 1385 713 1437 probabilia
756 1397 841 1425 esse
872 1396 976 1437 quae
1016 1384 1276 1425 recentiores
1305 1385 1385 1425 hac
1413 1385 1454 1424 in
1485 1396 1533 1424 re

297 1450 458 1489 Catullo
487 1450 707 1489 obtrudere
735 1450 896 1489 volunt.

345 1513 552 1556 Carminis
580 1512 635 1554 95
662 1516 951 1567 argumentum
981 1512 1060 1554 hoc
1089 1516 1165 1554 est:
1195 1514 1321 1555 Lecto
1344 1512 1533 1556 Catullus

291 1579 458 1631 epyllio,
489 1581 555 1619 cui
582 1580 725 1619 titulus
754 1580 956 1631 Smyr-na,
977 1579 1115 1619 Helvii
1129 1580 1297 1627 Cinnae,
1318 1579 1417 1619 boni
1435 1592 1533 1632 poe-

291 1648 358 1685 tae
388 1644 651 1698 eiusdemque
680 1644 760 1685 sibi
789 1645 970 1685 amicitia
1012 1644 1250 1691 coniuncti,
1298 1643 1535 1697 gratulatur

292 1710 478 1754 auctori,
524 1710 771 1749 vaticinatus
814 1721 983 1748 carmen
1014 1711 1056 1747 iu
1085 1709 1262 1748 insulam
1295 1721 1427 1760 usque
1455 1709 1529 1761 Cy-

290 1785 424 1826 prum,
437 1774 633 1814 nimirum
647 1774 692 1814 in
704 1773 839 1816 sedem
855 1775 982 1827 ipsam
997 1774 1163 1815 fabulae
1177 1774 1222 1814 in
1237 1786 1285 1814 eo
1300 1774 1535 1815 celebratae

289 1838 575 1885 deventurum,
605 1842 726 1890 atque
755 1839 944 1879 futurum
971 1839 1218 1879 immortale.
1246 1839 1335 1884 Qua
1364 1842 1534 1891 arrepta

290 1904 505 1944 occasione
522 1935 531 1951 ,
562 1907 772 1956 comparat
800 1916 894 1946 cum,
924 1903 1247 1944 laboriosissimo
1275 1914 1398 1956 opere
1437 1903 1536 1943 Cin-

292 1979 374 2007 nae
418 1972 596 2017 (novem
637 1979 841 2008 annorum
869 1966 1013 2020 cura),
1055 1972 1140 2008 tum
1181 1979 1342 2007 versus*
1367 1967 1534 2007 minime

292 2032 522 2072 laboriosos
550 2032 763 2072 Hortensii
804 2033 981 2073 oratoris
1023 2033 1188 2084 magni,
1226 2027 1298 2072 sed
1325 2032 1536 2073 inferioris

287 2096 478 2137 subsellii
506 2101 651 2150 poetae
682 2097 924 2151 (invenusta
953 2097 1214 2150 appellantur
1233 2098 1416 2138 carmina
1434 2097 1537 2139 Hor-

294 2163 418 2203 tensii
448 2163 492 2202 in
520 2164 730 2203 notissimo
759 2163 847 2203 loco
875 2160 998 2203 Gellii
1027 2155 1148 2216 19‚9)2
1164 2167 1250 2203 tum
1268 2164 1436 2216 pessimi
1464 2176 1536 2204 an-

289 2227 406 2266 nales
423 2227 573 2266 Volusi
588 2226 982 2268 cuiusdam.·Cetera
1001 2229 1194 2281 persequi
1210 2240 1295 2269 non
1311 2229 1367 2270 ita
1385 2232 1443 2268 est
1463 2239 1536 2268 ne-

291 2304 417 2339 cesse;
437 2294 526 2344 quis
545 2305 648 2332 vero
663 2293 792 2333 fuerit
810 2293 1009 2334 Volusius
1024 2295 1102 2333 iste
1116 2295 1345 2346 ignoratur,
1362 2306 1439 2333 nec
1455 2298 1538 2333 sta-

289 2357 387 2396 bilia
407 2361 502 2397 sunt
523 2368 628 2410 quae
644 2388 653 2404 ,
683 2358 735 2397 ab
769 2357 946 2409 Hauptio
975 2358 1070 2398 olim
1090 2361 1253 2405 statuta,
1279 2370 1391 2398 nunc
1405 2369 1535 2410 paene

289 2424 365 2474 pro'
382 2423 507 2462 certis
528 2423 747 2462 habentur.
768 2423 969 2474 Hauptius
987 2424 1109 2469 enim,
1128 2424 1195 2475 qui
1212 2424 1360 2475 optime
1375 2422 1536 2475 quidem
