1815 2973
282 174 505 223 Rommos,
527 152 780 222 convenisse
807 174 1005 223 arbitror
1017 179 1065 218 ut
1087 169 1292 237 dictator.
1327 220 1352 225 ,,
1450 220 1460 229 y,

283 240 434 282 Casino
475 241 645 290 relicto,
692 241 950 285 Casilinum
967 228 1108 296 petere
1149 225 1403 300 properaret
1408 234 1444 294 ,”

283 306 465 347 arbitror
506 307 788 349 Hannibalem
837 309 1101 350 constituisse
1138 307 1367 349 Casilinum
1405 299 1538 362 oppu-

284 384 416 425 gnare
447 376 570 424 atque
611 385 759 426 capere
789 378 1012 427 antequam
1041 374 1216 414 dictator
1246 386 1293 414 eo
1319 378 1429 414 esset
1444 386 1547 428 pro-

285 449 467 489 gressus,
508 438 665 489 scilicet
707 451 772 485 ne,
813 440 846 478 si
885 439 1060 493 dictator
1102 436 1530 490 Casilino-potiretur,

285 503 423 556 Capua
452 502 642 556 deinceps
673 504 784 543 inter
813 504 914 544 duos
944 505 1153 545 exercitus
1187 499 1395 545 Romanos
1416 508 1537 553 esset,

284 573 405 621 atque
425 567 476 609 ad
496 567 771 609 defectionem
793 569 1022 610 sollicitata
1044 582 1070 610 a
1090 569 1258 610 duobus
1278 569 1539 610 exercitibus

287 634 486 673 Romanis
517 638 803 686 temptaretur.

343 700 501 747 Quibus
530 699 686 753 positis,
719 700 842 741 venio
872 701 923 741 ad
954 701 1089 742 locum
1121 701 1240 748 Livii,
1263 701 1303 741 in
1324 713 1403 753 quo
1423 701 1531 749 loco,

292 767 326 805 si
370 765 486 805 modo
529 777 635 817 quae
678 766 936 819 disputabam
977 780 1059 807 non
1111 767 1326 807 admodum
1363 766 1540 808 absurda

293 835 399 879 sunt,
430 831 550 884 plura
580 844 702 885 quam
732 832 866 873 adhuc
902 834 1040 873 critici
1085 833 1351 873 crediderunt
1381 837 1420 872 et
1448 845 1542 886 sup-

292 896 439 948 plenda
461 900 556 936 sunt
579 901 618 936 et
640 897 913 937 emendanda.
932 898 991 937 Ne
1013 898 1151 950 plures
1172 902 1306 937 autem
1323 899 1433 938 circa
1452 911 1540 938 rem

292 963 467 1002 ambitus
489 963 652 1009 faciam,
670 963 739 1003 sed
762 964 899 1002 omnia
926 976 1051 1014 quam
1072 963 1313 1003 brevissime
1333 975 1539 1016 peragam,

292 1039 344 1066 en
360 1027 696 1078 quemadmodum
719 1039 794 1079 ego
811 1028 945 1067 locum
970 1027 1241 1079 supplendum
1270 1033 1308 1067 et
1329 1029 1542 1080 corrigen-

293 1093 387 1132 ‹lum
405 1098 523 1144 puto:
552 1109 571 1129 «
587 1093 797 1133 Hannibal
823 1095 990 1133 Acerris
1011 1093 1180 1144 direptis
1198 1098 1328 1145 atque
1344 1095 1539 1141 incensis,

295 1175 313 1194 ιι
333 1167 461 1209 ‘quum
492 1170 516 1196 a
545 1157 694 1197 Casino
729 1157 974 1198 dictatorem
1004 1158 1236 1197 Romanum
1277 1159 1540 1211 legionesque

295 1240 315 1260 ‹
338 1225 433 1264 eius
465 1223 703 1264 Casilinum
731 1224 869 1264 acciri
904 1225 1152 1264 nuntiatum
1186 1229 1309 1271 esset,
1349 1236 1404 1264 ne
1430 1225 1540 1264 binis

299 1306 320 1327 «
340 1293 422 1329 tam
451 1290 692 1342 propinquis
713 1289 892 1329 hostium
914 1290 1061 1329 castris
1081 1289 1243 1342 Capuae
1264 1301 1423 1342 quoque
1447 1301 1541 1330 ore-

301 1373 321 1394 «
342 1361 469 1397 retur
498 1357 720 1403 tumultus,
753 1357 980 1397 exercitum
1011 1355 1062 1396 ad
1094 1356 1329 1398 Casilinum
1360 1356 1485 1396 ducit.
1519 1372 1538 1392 »

406 1423 457 1464 V.
490 1423 629 1463 Pauca
659 1434 772 1462 nunc
801 1421 947 1461 addam
976 1421 1190 1469 nonnulla,
1221 1434 1333 1473 quae
1364 1421 1414 1462 ad
1453 1434 1546 1462 ver-

296 1488 441 1528 borum
470 1490 552 1527 vim
584 1492 703 1540 atque
734 1488 784 1526 ad
818 1487 981 1526 litterai
986 1500 1050 1526 um
1083 1488 1342 1539 singularum
1373 1488 1545 1539 scriptu-

297 1567 386 1594 iam
404 1566 476 1606 pei
481 1554 614 1593 tinent
634 1554 937 1605 lectionemque
960 1552 1207 1592 confirmaie
1227 1553 1422 1592 videntur
1438 1552 1545 1592 hanc

297 1631 441 1667 meam,
477 1631 664 1672 quaeque
707 1619 747 1658 in
793 1620 974 1671 quinque
1018 1622 1155 1671 partes
1200 1622 1409 1658 secantur.
1458 1617 1548 1658 P1i-

299 1698 430 1726 mum:
462 1686 505 1725 in
526 1685 735 1726 codicibus
758 1688 971 1737 postquam
992 1697 1083 1724 cum
1105 1685 1265 1724 incuria
1281 1688 1365 1724 tum
1381 1683 1544 1724 inscitia

299 1752 596 1804 descriptorum
643 1751 829 1803 syllabae
857 1751 1078 1791 verborum
1109 1763 1216 1803 quae
1248 1754 1342 1789 sunt
1372 1751 1545 1790 ez'usca-

299 1818 477 1858 sile'num
506 1830 648 1858 omnes
680 1817 930 1858 excidissent
957 1821 1124 1870 praeter
1152 1820 1405 1869 postremam
1430 1827 1544 1863 num,

300 1896 354 1923 ex
395 1884 473 1923 hac
516 1888 747 1935 potuerunt
788 1883 951 1922 librarii
995 1883 1135 1922 facere
1173 1882 1306 1921 nimis
1339 1881 1446 1933 quod
1487 1884 1550 1920 est

302 1949 463 2002 quidem
506 1950 549 1989 in
596 1948 817 1990 codicibus
870 1948 940 1988 sed
988 1961 1088 1997 cum,
1124 1947 1292 2000 reliquis
1334 1960 1414 1987 non
1458 1959 1551 1987 con-

304 2015 443 2054 sentit.
468 2037 519 2043 —-
540 2014 700 2054 Deinde
734 2014 863 2053 verbo
899 2014 1041 2053 acciri
1073 2025 1171 2052 usus
1216 2016 1277 2051 est
1318 2012 1548 2064 saepissime

303 2081 469 2121 Livius:
501 2092 678 2133 namque
699 2092 774 2132 ego
794 2080 954 2120 curiose
976 2079 1053 2119 hac
1075 2078 1122 2118 de
1143 2091 1190 2118 re
1211 2078 1551 2131 inquirens‚'per-

302 2147 421 2186 lectis
450 2146 570 2186 libris
601 2147 735 2199 primo
766 2149 810 2185 et
844 2145 987 2193 altero,
1031 2150 1115 2185 tum
1159 2156 1266 2184 nono
1301 2148 1342 2184 et
1380 2143 1548 2191 decimo,
1584 2164 1590 2173 ι

304 2214 467 2266 repperi
497 2212 669 2252 verbum
711 2216 948 2264 usurpatum
980 2212 1016 2258 1,
1035 2213 1100 2258 18,
1119 2211 1158 2251 6.
1189 2211 1361 2258 1,35,9.
1393 2210 1435 2257 2,
1452 2210 1490 2257 6,
1507 2209 1547 2249 2.

303 2277 455 2328 2‚53,1.
486 2278 630 2327 9‚3‚8‚.
666 2276 819 2326 9,14‚2.
850 2277 998 2326 9‚30‚7.
1019 2276 1170 2325 9:322.
1191 2275 1343 2324 9,4,12.
1368 2274 1550 2323 10,18,7.

304 2344 513 2393 10,20‚15.
537 2344 745 2392 10‚25‚1.2.
771 2344 954 2393 10‚38,7.
979 2343 1159 2391 10,42,3.
1177 2364 1230 2373 —
1250 2343 1404 2382 Tertio:
1429 2352 1551 2394 quae-
