1815 2973
1084 10 1087 11 ⁷
1120 0 1380 30 ,·‘2's'-‘v‘²v‘⁷t·=3.'s¹5..“
1429 0 1435 4 ⁷

1149 29 1183 47 -Ἰ
1209 27 1214 47 ,τ
1319 20 1382 44 ·..,ε“

521 447 524 450 <
571 427 664 478 AD
702 426 1076 478 CATULLUM
1117 420 1248 487 [1634

864 553 963 560 —.

714 839 922 880 CAPUT
962 837 1106 879 VIII.

399 1130 429 1170 Ι.
460 1129 571 1175 Quae
601 1139 726 1180 supra
758 1125 861 1180 (cap.
880 1125 932 1171 Il,
956 1127 982 1176 g
1002 1124 1078 1178 IV)
1100 1124 1150 1163 de
1180 1123 1416 1164 Catulliana
1437 1122 1538 1162 seri-

288 1195 410 1236 bendi
440 1195 601 1234 ratione
629 1191 1020 1237 animadvertebam,
1052 1189 1104 1229 ad
1140 1201 1305 1229 carmen
1350 1188 1429 1228 116
1466 1188 1538 1227 vi-

290 1263 443 1303 dentur
471 1273 540 1301 me>
564 1271 730 1307 vocare,
765 1258 846 1298 iam
885 1256 1040 1310 pridem
1082 1255 1189 1313 illud
1218 1255 1369 1309 optime
1405 1265 1539 1294 emen-

291 1329 440 1375 datum,
472 1328 505 1366 si
534 1331 670 1366 tamen
701 1336 867 1364 versum
897 1327 1086 1376 quartum
1121 1322 1326 1373 excipias,
1361 1310 1537 1359 non’ea-

292 1394 382 1434 (lem
412 1406 493 1447 qua
521 1392 674 1446 reliqui
703 1402 822 1430 usum
859 1388 1039 1437 fortuna,
1069 1388 1140 1441 qui
1170 1388 1213 1427 in
1243 1386 1451 1428 codicibus
1480 1386 1539 1428 sio

292 1465 407 1502 extat
437 1460 638 1513 scriptus:

480 1582 500 1606 «
533 1568 631 1606 Telis
656 1568 802 1613 infesta
829 1568 1142 1612 mitteremusque
1167 1568 1277 1610 caput
1307 1573 1328 1598 >⁸

347 1676 395 1716 In
424 1687 503 1728 quo
532 1674 834 1719 Lachmannus,
857 1664 978 1725 quem
998 1670 1167 1711 Ellisius
1188 1669 1384 1721 sequ-itur,
1407 1667 1539 1708 conie-

293 1743 377 1783 cit:
417 1742 530 1781 Telis
559 1741 769 1791 infestum
798 1739 969 1778 mittere
998 1738 1044 1777 in
1071 1747 1211 1787 usque
1239 1729 1383 1786 caput.
1431 1734 1539 1774 Olim

293 1821 394 1849 vero
425 1808 540 1848 Itali:
599 1806 712 1846 Telis
752 1805 929 1857 infestis
973 1804 1090 1843 icere
1131 1802 1194 1842 mi
1234 1813 1372 1852 usque
1400 1803 1539 1852 eaput,

295 1887 401 1927 quae
429 1875 471 1912 in
505 1872 709 1924 Lipsiensi
740 1870 917 1910 editione
948 1880 1079 1919 nuper
1124 1871 1183 1906 est
1210 1869 1378 1918 recepta
1407 1865 1541 1904 lectio.

295 1940 569 1991 Reliquorum
599 1940 826 1977 commenta
856 1938 1085 1987 praetereo,
1119 1944 1296 1983 quorum
1325 1942 1420 1982 pars
1445 1929 1543 1969 ridi-

297 2005 392 2044 cula
420 2014 564 2056 paene,
606 2006 649 2040 ut
687 2000 816 2039 illud:
866 1999 1077 2051 Infestum
1107 1997 1201 2037 telis
1243 1996 1357 2036 icere
1392 2005 1542 2035 musea

298 2074 442 2125 caput.

351 2138 399 2176 In
430 2148 478 2176 eo
508 2133 601 2174 Itali
629 2132 872 2185 reliquique,
896 2131 929 2170 si
959 2130 1026 2182 qui
1057 2141 1127 2169 eos
1157 2131 1253 2167 sunt
1274 2128 1417 2173 secuti,
1449 2127 1539 2167 falli

298 2204 401 2244 mihi
431 2202 642 2248 videntur,
689 2197 796 2252 quod
826 2197 1080 2249 scripserunt
1117 2195 1229 2235 icere
1257 2206 1330 2246 pro
1359 2194 1541 2244 mittere,

301 2269 409 2324 quod
439 2272 479 2308 et
507 2271 570 2306 est
592 2266 633 2306 in
654 2264 876 2310 codicibus,
897 2267 949 2309 et,
973 2273 1087 2302 more
1107 2259 1351 2307 Catulliano,
1375 2270 1542 2310 respon-

305 2337 374 2377 det
416 2343 464 2385 τῷ
503 2333 675 2372 mittere
704 2328 873 2370 secundi
902 2340 1072 2367 versus:
1104 2327 1162 2366 ait
1191 2326 1298 2365 enim
1337 2323 1542 2369 Catullus,

305 2415 350 2444 se
381 2399 516 2444 Gellio
545 2401 689 2453 poetae
719 2395 905 2438 carmina
926 2394 1105 2435 voluisse
1125 2393 1297 2434 mittere
1316 2389 1542 2436 Battiadae,
