1815 2973
566 138 609 185 ’ᾗ
604 164 655 202 113
665 148 852 203 Λ1101011303
854 150 942 202 ‘ri-rr
959 151 1035 201 nivi
1053 125 1209 208 21,1-120
1438 160 1484 197 55
1501 173 1507 179 ·

188 264 191 266 ’
236 276 255 297 s
276 264 278 266 ·
289 264 322 308 ,ι’
339 216 515 292 Caelius
543 246 587 286 111
613 245 658 286 1:
671 245 777 297 qui
784 245 875 285 cum
901 245 935 285 is
962 245 1021 286 ita
1037 243 1182 284 foedus
1209 242 1339 283 icistis
1370 256 1393 280 »
1423 251 1529 293 quae

294 317 387 356 cum
403 298 546 354 iisdem
559 311 664 351 Livii
677 309 815 349 verbis
830 310 1014 351 conferri
1025 309 1170 349 solent.
1180 308 1288 349 Sane
1312 319 1388 361 per
1401 311 1530 347 totam

263 395 268 398 ·
296 379 525 423 orationem
545 376 665 417 stilus
683 375 908 422 vehemens
937 374 1094 416 redolet
1121 373 1298 416 fortasse
1327 373 1529 418 Coelium,

299 446 369 497 qui
404 443 584 489 Coelius,
623 445 726 481 teste
763 441 897 480 Tullio
918 472 928 488 ,
965 442 1160 496 maiorem
1198 441 1394 486 historiae
1421 440 1534 478 vocis

303 520 450 550 sonum
478 506 715 553 addiderat3
746 505 818 545 sed
847 505 951 546 haec
980 509 1074 545 sunt
1105 505 1225 545 nimis
1267 505 1440 544 incerta.
1470 503 1533 544 Ad

302 585 366 613 me
387 572 494 625 quod
521 572 670 611 attinet
701 570 851 610 vellem
871 570 1005 622 potius
1035 570 1261 609 orationem
1289 569 1395 609 hanc
1423 568 1536 608 Han-

302 638 423 679 nonis
437 645 519 690 una
534 636 794 677 considerare
816 648 908 676 cum
928 636 1113 675 oratione
1133 647 1253 687 quam
1281 635 1410 675 habes
1430 629 1537 687 apud

299 704 387 743 Liv.
417 702 515 748 21,3
543 713 744 753 quamque
773 700 881 739 idem
911 701 1063 739 Hanno
1092 699 1247 739 frustra
1266 703 1411 739 contra
1439 699 1534 738 illos

300 769 449 814 dicitur
493 769 535 807 in
578 767 730 818 Senatu
773 765 1177 816 Carthaginiensium
1219 765 1425 810 habuisse,
1466 765 1534 816 qui

302 844 472 886 puerum
499 831 769 870 Hannibalem
797 831 841 869 in
872 829 1114 881 Hispaniam
1147 828 1198 869 ad
1240 828 1537 869 Hasdrubalem

284 889 407 939 'mitti
435 897 641 938 volebant.
674 897 872 949 Princeps
901 900 991 936 erat
1010 895 1157 936 Hanno
1177 896 1305 947 partis
1324 896 1532 942 nobilium,

306 976 409 1017 quae
451 975 546 1016 pars
594 963 702 1015 parti
751 961 1051 1002 adversabatur
1091 961 1347 1014 popularium
1368 991 1378 1009 ,
1424 961 1539 1001 cuius

309 1034 429 1069 erant
457 1029 679 1074 Hamilcar,
710 1028 961 1072 Hasdrubal,
994 1031 1115 1078 atque
1144 1026 1365 1066 Hannibal.

365 1094 443 1149 Qui
461 1094 648 1133 historici
667 1093 842 1131 Romani
862 1093 1070 1144 potuerint
1089 1096 1170 1131 tam
1189 1092 1293 1131 bene
1318 1092 1541 1131 resciscere

283 1163 286 1166 '
312 1171 378 1198 res
405 1149 517 1198 30133
547 1159 590 1197 111
620 1158 772 1197 Senatu
793 1157 1212 1209 Carthaginiensium,
1245 1158 1324 1196 iam
1344 1169 1425 1197 non
1452 1168 1546 1210 per·

314 1225 413 1276 spici
442 1224 555 1264 licet:
601 1236 668 1262 res
710 1223 888 1262 oratorie
934 1223 984 1262 ab
1019 1224 1227 1262 historicis
1255 1224 1456 1263 Romanis
1490 1222 1542 1261 ad

312 1290 531 1328 factionem
552 1288 772 1327 Barcinam
793 1287 1099 1340 vituperandam
1134 1286 1290 1327 fuerint
1317 1288 1542 1328 exornatae

312 1360 487 1407 oportet;
518 1354 742 1393 notandum
771 1358 907 1392 autem
930 1354 1033 1405 apud
1054 1355 1216 1393 Livium
1236 1366 1310 1392 nos
1331 1353 1541 1406 adspicere

313 1412 473 1474 quidem
515 1420 737 1473 principem
780 1420 902 1458 unius
939 1418 1147 1467 factionis,
1195 1419 1267 1459 sed
1300 1418 1539 1459 desiderare

312 1486 536 1539 principem
551 1485 733 1525 alterIus.
745 1484 777 1523 E
794 1486 1004 1525 contrario
1024 1485 1131 1537 apud
1145 1486 1292 1525 Zonar.
1316 1485 1410 1532 8,Ξὲ
1423 1497 1543 1538 prae-

317 1557 382 1591 te‘r
411 1552 655 1591 Hannonem
684 1551 865 1590 occurrit
883 1550 1113 1591 Hasdrubal
1133 1551 1308 1602 quidam,
1330 1550 1387 1604 (1)
1407 1563 1542 1602 quem,

345 1681 412 1723 >(l)
434 1680 532 1712 Haud
556 1681 625 1712 scio
648 1690 692 1712 an
714 1681 843 1713 frustra
865 1679 1059 1713 laborantes
1082 1680 1218 1714 criticos
1241 1691 1284 1713 ex
1307 1680 1450 1724 quadam
1464 1681 1551 1714 diffi-

318 1735 448 1769 cultate
470 1734 549 1767 hinc
573 1735 672 1767 facile
703 1735 858 1777 expedire
893 1736 1031 1778 possim.
1066 1736 1190 1768 Omnes
1221 1739 1356 1768 veteres
1390 1739 1548 1770 auctores

316 1790 454 1823 tradunt
471 1789 694 1822 Hannibalem
710 1800 860 1832 puerum,
874 1800 914 1822 ex
932 1800 997 1833 quo
1013 1790 1067 1823 die
1084 1790 1121 1822 in
1135 1790 1331 1833 Hispaniam
1354 1800 1431 1823 cum
1453 1794 1549 1834 patre

293 1847 299 1852 ”
318 1845 461 1880 venerit.
479 1855 652 1887 nunquam
667 1848 786 1886 postea
798 1848 876 1876 ante
889 1845 1023 1877 finitum
1036 1845 1165 1877 bellum
1182 1846 1365 1878 secundum
1381 1847 1550 1879 Punicum

318 1899 562 1940 Carthaginem
590 1899 754 1931 rediisse.
785 1899 876 1931 Idem
903 1899 1010 1931 tradit
1040 1899 1168 1941 pluries
1197 1899 1315 1931 Livias
1338 1900 1444 1938 (locos
1473 1901 1551 1934 vide

319 1954 406 1997 apud
429 1953 750 1987 Weissenbornium
773 1954 815 1985 ad
838 1953 912 1988 Liv.
935 1953 1078 1993 21,3‚2›
1095 1954 1296 1996 praesertim
1313 1965 1390 1986 vero
1406 1954 1552 1996 30,37,9

320 2019 341 2040 «
364 2018 496 2047 novem,
529 2007 641 2051 inquit
673 2007 852 2046 Hannibal,
886 2018 1048 2040 annorum
1084 2017 1104 2039 a
1138 2008 1235 2041 vobis
1269 2008 1443 2051 profectus
1475 2011 1553 2051 post

324 2075 339 2094 α
364 2066 497 2096 sextum
521 2066 555 2096 et
578 2063 789 2095 tricesimum
812 2062 898 2094 redii
924 2075 938 2093 1
967 2062 1032 2094 Sed
1055 2062 1092 2094 in
1114 2072 1154 2094 eo
1169 2066 1222 2096 est
1248 2063 1437 2095 difficultas
1465 2063 1555 2106 quod

320 2117 409 2150 idem
432 2118 563 2153 Livius,
586 2120 768 2160 postquam
791 2117 983 2151 narraverit
1000 2117 1223 2150 Hannibalem
1239 2127 1259 2149 a
1273 2122 1369 2159 patre
1385 2118 1421 2150 in
1436 2117 1558 2160 Hispa-

320 2174 411 2205 niam
435 2172 575 2205 ductum
597 2173 741 2215 (2¹,1,4.
764 2173 856 2213 2152,
865 2173 911 2213 3),
931 2174 1037 2206 refert
1066 2184 1143 2206 eum
1164 2174 1206 2206 ab
1235 2173 1468 2214 Hasdrubale,
1498 2174 1559 2218 qui

321 2226 505 2260 Hamilcari
534 2228 570 2259 in
594 2227 765 2269 <Hispania
798 2227 877 2259 duci
907 2238 1083 2261 successor
1106 2228 1183 2267 fuit,
1212 2229 1416 2261 accersitum
1439 2229 1561 2268 fuisse,

302 2318 306 2322 ⁵
325 2281 423 2324 quasi
445 2290 512 2313 non
550 2280 586 2312 in
612 2280 782 2326 ¹Hispania
817 2280 988 2313 Hannibal
1024 2282 1091 2313 iam
1126 2282 1257 2324 pridem
1292 2285 1397 2314 esset.
1429 2283 1564 2325 (21‚3,2

328 2347 343 2365 α
361 2335 458 2366 Hunc
481 2334 618 2366 vixdum
634 2335 796 2377 puberem
819 2335 1012 2368 Hasdrubal
1037 2336 1165 2368 litteris
1187 2337 1229 2367 ad
1253 2347 1288 2367 se
1307 2338 1514 2369 accersierat
1531 2341 1564 2377 ›)

328 2389 382 2422 An
395 2388 559 2427 nonnulli,
570 2391 605 2420 et
616 2391 753 2431 propter
767 2399 824 2420 eos
837 2389 942 2421 etiam
953 2389 1077 2428 Livius,
1088 2400 1163 2422 cum
1177 2384 1389 2423 Hasdrubale
1402 2391 1564 2424 senatore

330 2435 666 2485 Carthaginiensium
688 2446 875 2477 memorato
893 2454 913 2475 a
928 2444 1060 2477 Zonara
1077 2444 1302 2477 confuderunt
1320 2444 1564 2480 Hasdrubalem

270 2512 272 2514 ¹
334 2508 494 2542 generum
518 2498 723 2533 Hamilcaris
747 2499 958 2543 eundemque
981 2500 1100 2533 ducem
1124 2500 1160 2533 in
1183 2499 1373 2544 Hispania?
