1815 2973
336 153 380 187 34
720 141 768 186 An
789 121 975 199 011111.ωῇ
990 140 1109 194 66‚59
1531 190 1535 193 ,

291 232 339 268 ut
364 240 451 269 non
478 228 721 281 longissime
749 239 775 267 a
788 228 966 279 veritate
983 225 1188 276 aberrem,
1209 226 1249 268 si·
1263 229 1322 268 ita
1340 208 1578 278 statuero,

291 293 501 335 Catullum
528 293 702 335 fortasse
732 285 964 346 scripsisse:

392 436 413 456 ‹<
440 423 562 458 Sidus
586 423 641 459 ibi
665 423 772 459 vario
789 434 837 459 ne
863 423 984 459 solum
1009 424 1048 459 in
1072 424 1213 461 lumine
1237 422 1344 460 caeli.
1366 436 1385 458 ›

344 558 495 600 Solum
525 559 734 611 epitheton
766 558 991 611 pertinebit
1016 558 1098 599 hac
1129 560 1290 600 ratione
1315 558 1368 599 ad
1394 558 1534 607 sidus,

294 624 402 676 quod
429 624 557 665 multo
586 624 721 675 aptius
750 622 843 663 fieri
860 622 1025 663 videtur
1041 636 1167 675 quam
1186 624 1221 663 si
1241 622 1538 665 adverbialiter

291 689 334 730 id
352 688 595 741 accipiatur.
624 689 873 736 Praeterea,
912 687 1019 741 quod
1046 690 1271 729 maximum
1299 693 1383 738 est,
1411 689 1537 730 sidus

291 755 336 793 in
364 767 405 793 v.
436 753 501 794 59>
519 753 572 793 ad
598 753 726 793 sidus
753 754 797 792 in
825 767 867 793 v.
889 753 942 793 64
961 755 1162 794 concinne
1186 757 1309 807 atque
1328 753 1381 793 ad
1399 753 1539 794 Catul-

292 819 451 859 lianum
479 817 645 859 dicendi
673 830 803 869 genus
831 827 1028 871 perquam
1044 818 1343 859 accommodate
1368 830 1539 872 respon-

294 883 419 931 debit,
459 883 746 934 sententiaque
790 883 949 923 orietur
990 882 1221 936 expeditior
1257 886 1300 922 et
1334 882 1536 935 perfacile

292 951 480 988 currens.

348 1011 465 1061 Quod
494 1013 571 1053 nisi
598 1011 801 1065 phalangi
828 1012 890 1052 illi
919 1013 1160 1053 criticorum
1179 1024 1244 1053 me
1268 1011 1533 1053 inserendum

292 1078 515 1130 putaveris,
546 1078 618 1129 qui
644 1079 689 1117 111
717 1079 795 1118 isto
822 1090 951 1118 versu
979 1089 1341 1131 supervacaneum,
1362 1089 1415 1118 ne
1441 1090 1536 1131 per-

291 1143 496 1183 niciosum
524 1142 669 1189 dicam,
701 1143 884 1182 laborem
914 1142 1237 1183 exantlaverunt
1254 1173 1266 1190 ,
1300 1142 1413 1195 leges
1440 1154 1535 1182 me-

295 1219 409 1247 cum:

392 1338 416 1364 ‹<
440 1326 561 1363 Sidus
585 1327 639 1362 ibi
662 1326 769 1362 vario
794 1337 839 1362 ne
865 1328 989 1364 solum
1013 1328 1050 1362 in
1076 1327 1215 1363 lumine
1241 1326 1336 1363 caeli

440 1387 500 1422 Ex
516 1385 717 1422 Ariadneis
748 1397 859 1421 aurea
887 1386 1116 1433 temporibus

389 1447 484 1483 Fixa
508 1457 645 1483 corona
668 1446 780 1492 foret,
805 1447 869 1484 sed
894 1457 961 1483 nos
988 1458 1134 1494 quoque
1156 1446 1388 1495 fulgeremus

439 1507 603 1543 Devotae
633 1506 723 1542 flavi
746 1507 897 1543 verticis
923 1507 1093 1553 exuviae,

388 1565 591 1602 Uvidulam
616 1577 638 1602 a
664 1566 754 1602 fietu
779 1565 974 1603 cedentem
1002 1567 1047 1604 ad
1072 1565 1212 1614 templa
1240 1567 1350 1603 deum
1376 1577 1437 1603 me

440 1626 560 1663 Sidus
583 1626 622 1662 in
652 1626 812 1673 antiquis
839 1627 925 1664 diva
947 1639 1085 1664 novom
1107 1627 1242 1675 posuit.
1273 1641 1293 1662 »
