1815 2973
288 191 289 194 ¹
343 181 387 216 74
620 191 665 217 nx
685 191 857 219 rom-mus
879 192 950 218 τιτι
971 193 1047 222 nm
1066 182 1123 224 21,
1143 181 1260 218 1-20.

299 259 343 298 ἰιι
369 257 528 299 Tabula
557 269 632 299 sua
660 262 838 301 notaret.
868 240 959 309 Quo
985 263 1124 305 tamen
1145 257 1382 302 adiumento
1407 239 1544 307 caruit

286 323 494 364 Pontifex
522 323 575 364 ad
602 325 773 377 populos
803 337 938 377 neque
966 338 991 366 a
1018 328 1215 368 Romanis
1246 326 1442 367 subactos
1470 339 1544 368 ne-

292 400 377 440 que
394 399 419 428 a
437 388 547 441 Mag.
570 388 689 429 Rom.
711 391 912 432 coercitos
932 391 1039 445 quod
1067 381 1224 440 attinet,
1245 391 1328 432 nisi
1350 391 1459 433 forte
1477 391 1554 434 vei.

297 454 425 507 legati
444 454 497 494 ad
515 467 585 495 eos
606 455 886 506 mitterentur,
918 459 989 509 qui
1017 461 1247 498 memoratu
1271 457 1396 510 digna
1411 458 1546 498 refer-

300 522 408 568 rent,
437 520 505 560 vel
533 521 805 574 Imperatores
824 523 1014 571 Romani,
1034 524 1068 563 si
1089 522 1251 577 quando
1289 535 1378 564 cum
1410 522 1545 576 aliquo

302 586 449 639 populo
467 587 619 626 bellum
638 593 871 638 gereretur,
889 578 1128 629 nuntiarent
1155 601 1260 640 quae
1290 588 1339 628 de
1359 589 1544 628 hostibus

304 651 382 691 sihi
397 655 601 705 comperta
619 656 771 694 essent.
787 652 893 700 Quid
907 653 1034 695 nunc.2
1048 666 1116 695 res
1131 654 1273 708 potissi
1285 664 1394 695 mum
1409 658 1546 695 exter

306 730 385 757 nae
413 723 784 759 commemorantur
811 720 918 772 apud
947 721 1037 759 Liv.
1060 720 1251 768 21,1-20,
1273 720 1437 760 scilicet
1465 720 1548 759 Ha-

303 781 498 831 milcaris,
517 781 786 825 Hasdrubalis
800 788 921 838 atque
936 784 1179 826 Hannibalis
1196 785 1236 825 in
1257 785 1452 839 Hispania
1474 797 1541 825 res

305 852 468 902 gestae:
514 850 714 903 Hispania
743 855 878 891 autem
919 852 961 890 in
992 851 1276 891 Romanorum
1309 855 1546 904 potestatem

306 914 487 954 nondum
515 915 695 961 redacta,
728 928 815 955 rem
859 915 982 956 duces
1019 920 1104 957 tres
1134 917 1196 956 illi
1232 916 1548 968 Carthaginien-

304 981 411 1020 sium
452 985 670 1032 gesserunt
698 993 787 1020 cum
816 982 915 1021 solis
943 982 1166 1034 Hispaniae
1214 982 1390 1034 populis,
1420 995 1542 1034 quum

306 1047 497 1093 Romani,
515 1047 584 1097 qui
605 1046 676 1085 illa
696 1050 934 1098 tempestate
955 1048 1065 1086 bella
1086 1059 1138 1086 ex
1157 1047 1276 1086 bellis
1297 1048 1473 1086 serendo
1487 1060 1550 1087 oc-

307 1111 441 1163 cupati
472 1114 593 1150 erant
620 1112 663 1150 in
692 1111 861 1163 Illyriis,
893 1112 1056 1158 Histris,
1081 1111 1292 1167 Gallisque
1315 1111 1548 1159 domandis,

308 1176 506 1228 Hispania
548 1177 675 1215 armis
719 1177 927 1216 abstinere
965 1178 1095 1216 coacti
1125 1178 1218 1223 sint,
1250 1177 1421 1216 foedere
1459 1181 1548 1216 tan-

308 1240 512 1281 tummodo
542 1253 633 1281 cum
662 1241 921 1282 Hasdrubale
944 1243 1040 1290 icto,
1067 1255 1146 1294 quo
1175 1242 1541 1295 Carthaginienses

307 1308 425 1347 vetiti
455 1311 551 1347 sunt
578 1307 689 1348 ultra
718 1308 915 1348 Hiberum
945 1321 1106 1348 amnem
1125 1308 1344 1360 progredi;
1380 1308 1481 1348 adeo
1502 1313 1547 1349 ut

309 1379 427 1421 res,'a
446 1372 855 1425 Carthaginiensibus
876 1387 923 1414 eo
944 1374 1137 1426 temporis
1158 1377 1290 1413 tractu
1312 1373 1417 1425 quod
1438 1375 1547 1414 inter
1813 1410 1815 1414 .

308 1440 481 1491 primum
502 1442 542 1477 et
562 1438 786 1478 secundum
805 1439 956 1478 bellum
977 1440 1177 1479 Punicum
1207 1438 1362 1479 effluxit
1392 1439 1434 1477 in
1456 1438 1547 1478 His-
1763 1436 1815 1490 sm·

307 1505 426 1557 pania
457 1508 603 1555 gestas,
649 1504 826 1544 Romani
870 1517 1001 1556 neque
1032 1506 1111 1543 nisi
1142 1516 1315 1556 perraro
1348 1505 1546 1544 rescisce-

307 1572 416 1616 rent,
435 1581 567 1620 neque
584 1569 625 1607 in
642 1568 748 1609 Albo
764 1568 977 1609 Pontificis
1000 1569 1169 1609 Maximi
1189 1569 1322 1609 notari
1343 1569 1546 1609 iuberent.

307 1636 419 1680 Quae
435 1636 468 1674 si
486 1639 598 1674 recte
615 1634 829 1685 disputavi,
848 1647 980 1685 neque
997 1634 1089 1674 fons
1111 1635 1390 1674 Romanarum
1406 1645 1547 1673 rerum
1804 1662 1815 1690 4

308 1701 376 1740 ille
405 1699 593 1753 publicus
624 1711 692 1739 res
714 1700 814 1740 istas
835 1703 896 1740 est
918 1699 1168 1753 complexus,
1187 1710 1321 1751 neque
1340 1711 1407 1739 eas
1426 1712 1479 1739 ex
1500 1712 1548 1740 eo
1758 1694 1815 1750 ἶ

308 1766 547 1805 derivarunt
565 1765 749 1804 historici
770 1766 958 1811 Romani,
982 1777 1227 1817 quamquam
1249 1764 1429 1817 reliquas
1458 1764 1547 1804 fere
1776 1767 1815 1814 ἶ(ξ

309 1841 461 1878 omnes,
483 1831 543 1870 uti
562 1830 678 1870 modo
703 1831 936 1877 innuebam,
968 1831 1018 1875 ab
1050 1843 1097 1870 eo
1127 1831 1210 1882 ipso
1240 1833 1335 1870 sunt
1363 1831 1548 1870 mutuati.
1755 1816 1815 1910 ³⁴53

420 1895 576 1937 XVIII.
608 1895 673 1935 Ad
703 1899 858 1936 tantum
893 1894 1001 1935 istud
1036 1894 1269 1942 discrimen,
1291 1894 1398 1946 quod
1419 1894 1461 1934 in
1482 1906 1552 1934 ve-
1771 1887 1815 1943 ᾖ

309 1961 535 2002 tustissimo
566 1972 704 1999 rerum
725 1960 839 2000 fonte
861 1959 1118 2000 intercedere
1137 1960 1237 1999 mihi
1255 1959 1417 1999 videtur
1438 1959 1548 1999 inter
1749 1943 1815 2018 ἓ.

309 2027 491 2078 reliquas
510 2029 644 2077 partes
665 2026 798 2078 operis
819 2026 980 2065 Liviani
1001 2029 1040 2065 et
1061 2025 1193 2065 locum
1213 2023 1399 2072 2i,1-20‚
1427 2036 1546 2064 nemo
1743 2015 1815 2096 ξ

309 2091 486 2133 advertit
505 2093 705 2139 animum,
726 2095 764 2131 te
780 2103 880 2132 vero
895 2091 1164 2132 vehementer
1180 2091 1295 2144 cupio
1314 2089 1545 2131 advertere:
1752 2081 1815 2166 ,ἐξὲξ

307 2172 386 2200 nec
405 2158 506 2199 facit
526 2158 632 2210 quod
648 2158 788 2198 Livius
804 2157 1034 2198 Annalibus
1056 2158 1247 2197 Maximis
1269 2157 1350 2209 ipse
1372 2157 1550 2197 fortasse
1768 2176 1815 2198 ρ

1773 2219 1815 2253 esti

308 2236 392 2265 non
422 2226 475 2265 sit
502 2237 623 2273 usus;
658 2224 735 2265 hoc
758 2225 867 2264 enim
888 2228 962 2272 est,
986 2223 1092 2276 quod
1113 2223 1245 2263 teneri
1265 2223 1382 2263 volo:
1415 2223 1551 2263 omnia

306 2289 396 2331 fere
425 2302 530 2344 quae
572 2303 693 2343 opere
737 2291 917 2332 Liviano
959 2290 1223 2330 continentur
1267 2301 1455 2329 manasse
1498 2300 1551 2328 ex

304 2355 581 2397 Monumentis
612 2367 750 2396 rerum
795 2354 949 2396 Romae
992 2355 1156 2408 publice
1190 2353 1441 2406 conscriptis,
1472 2353 1552 2393 hoc

310 2425 370 2463 est
400 2434 453 2462 ex
487 2421 713 2462 Annalibus
743 2421 934 2462 Maximis
961 2421 1064 2476 (sive
1086 2420 1229 2462 Livius
1260 2431 1420 2472 quoque
1449 2419 1549 2470 ipse,

1756 2453 1793 2520 :ff-iv
1766 2387 1793 2443 '‘⁷“st
1777 2341 1781 2345 ’
1787 2304 1792 2321 ,,
1772 2282 1774 2284 ⁴
1769 2255 1777 2263 ⁶

1794 2496 1797 2501 “
1788 2253 1815 2483 -*>÷25·-÷k2-‚·⁴;.¹³:.<„41ae125
