1815 2973
327 180 373 213 42
725 191 770 215 n>
793 181 978 217 cin-uuna
998 180 1056 222 95,
1066 179 1088 212 7

282 262 380 304 stas,
412 256 577 310 (contra
606 257 793 309 Usipetes
815 258 1044 299 Germanos
1065 260 1106 309 et
1131 256 1396 303 Tenchteros,
1418 261 1532 297 tran·
1592 264 1595 265 ’

280 333 441 375 gressos
470 318 623 361 flumen
647 315 944 364 Rhenum'non
963 322 1088 375 longe
1108 334 1133 363 a
1153 321 1259 362 mari
1279 334 1360 374 quo
1379 320 1532 364 flumen

284 387 447 439 influit),
478 387 821 439 supplicationem
865 389 1136 435 decernente,
1177 386 1343 427 Catonis
1371 392 1534 429 senten-

278 453 379 494 tiam
408 452 564 494 fuisse:
595 455 792 508 quoniam
824 455 982 497 Caesar
1010 455 1075 494 ius
1106 453 1291 494 divinum
1321 457 1362 493 et
1389 453 1534 495 huma-

279 516 392 559 num*
408 519 618 567 violasset,
649 520 837 561 hostibus
859 522 1090 572 Imperator
1119 519 1324 572 piaculum
1341 519 1530 561 dedatur.

279 585 345 625 Ex
373 598 453 638 quo
482 586 584 625 mihi
604 585 771 627 videtur
789 586 896 627 effici
916 587 1149 633 Tanusium,
1171 586 1241 638 qui
1259 586 1362 626 haec
1381 586 1533 626 litteris

280 650 482 691 mandare
513 663 603 690 non·
627 651 893 700 dubitaverit,
935 653 1147 692 inimicum
1191 651 1317 691 fuisse
1352 652 1532 699 Caesari,

279 716 448 756 Catullo
478 720 633 764 autem,
664 718 699 757 si
721 717 840 758 modo
861 719 949 758 eius
971 717 1156 769 aequalis
1178 716 1269 765 suit,
1291 718 1529 758 necessario

283 783 474 828 amicum,
506 795 641 834 neque
661 795 686 822 a
708 785 942 824 Veronensi
959 788 1078 835 poeta
1099 795 1147 822 eo
1169 782 1285 822 modo
1305 782 1529 822 dilacerari

290 848 482 900 potuisse.
1351 902 1353 904 Ι

339 912 402 952 Ad
420 926 621 953 summam
637 915 721 954 aio:
747 927 871 965 quum
892 914 1094 960 Catullus,
1115 914 1157 952 in
1173 914 1356 955 carmine
1371 913 1424 953 29
1440 926 1537 953 con-

285 983 351 1018 tra
381 978 633 1018 Mamurram
664 980 829 1031 scripto,
864 991 947 1018 non
970 978 1223 1019 dubitaverit
1243 978 1388 1018 invehi
1416 991 1534 1032 aper-

285 1043 438 1084 tissime
460 1044 501 1083 in
517 1043 822 1096 potentissimos
842 1045 955 1084 viros
975 1044 1207 1092 Caesarem,
1219 1044 1472 1096 Pompeium,
1497 1048 1537 1084 et

288 1110 554 1157 Mamurram,
572 1122 655 1149 non
677 1110 810 1149 simile
830 1110 996 1150 videtur
1016 1111 1109 1150 veri
1124 1110 1297 1150 eundem
1313 1108 1536 1158 Catullum,

287 1179 330 1215 ut
346 1180 536 1228 carperet
552 1180 762 1216 auctorem
798 1176 1026 1223 annalium,
1044 1176 1253 1217 hominem
1270 1179 1382 1216 certe
1399 1188 1532 1229 neque

286 1245 492 1292 potentem
522 1253 655 1293 neque
685 1246 918 1288 nocentem,
951 1241 1002 1281 ad
1031 1241 1170 1280 fictum
1200 1242 1439 1293 confugisse
1465 1247 1539 1279 no'·

289 1319 393 1346 men.
421 1306 623 1348 Volusius
644 1308 781 1359 itaque
798 1307 1086 1360 appellabatur
1103 1308 1194 1347 sine
1210 1307 1332 1347 dubio
1352 1318 1374 1346 c
1389 1309 1536 1347 acutae
1558 1310 1564 1315 '

286 1377 431 1413 auctor
460 1374 647 1413 chartae.
695 1373 731 1411 A
759 1385 859 1412 vero
889 1377 1025 1412 autem
1056 1385 1139 1411 non
1170 1372 1386 1411 admodum
1416 1371 1537 1411 aber-

286 1438 438 1478 rabunt
457 1439 490 1477 si
520 1439 590 1490 qui
619 1438 932 1478 arbitrabuntur
954 1439 996 1477 in
1016 1437 1106 1479 loco
1128 1437 1308 1479 Senecae
1330 1437 1456 1479 allato
1474 1438 1540 1477 in-

287 1504 421 1556 telligi
451 1506 669 1544 Volusium
699 1505 869 1543 Catulli:
914 1517 1020 1555 quae
1064 1505 1313 1550 coniectura,
1345 1505 1379 1543 si
1412 1505 1540 1542 ratio-

286 1581 381 1610 nem
426 1569 566 1617 habet,
608 1569 808 1610 Volusius
857 1569 1079 1611 Tanusius
1108 1569 1175 1609 vel
1213 1569 1417 1610 Volusius
1453 1569 1535 1609 Ta-

286 1637 444 1675 nusius
486 1637 716 1676 vocabatur
756 1637 856 1675 ille:
903 1636 1007 1675 haec
1050 1646 1150 1675 vero
1181 1639 1242 1675 est
1280 1635 1532 1675 coniectura.

289 1701 343 1741 At
370 1714 467 1741 cum
504 1702 695 1742 Tanusz‘o
736 1701 930 1748 Gemino,
963 1702 1081 1741 cuius
1111 1701 1316 1741 historias
1346 1701 1537 1752 legerunt

289 1767 522 1807 Suetonius
552 1771 593 1806 et
633 1767 896 1807 Plutarchus
937 1766 1026 1819 (eae
1066 1766 1302 1806 necessario
1332 1778 1400 1806 res
1431 1777 1540 1806 com·

289 1833 578 1885 plectebantur
608 1833 821 1872 minimum
862 1833 913 1872 ab
944 1845 1056 1872 anuo
1086 1834 1135 1872 U.
1157 1845 1194 1871 c.
1229 1832 1537 1878 DCLXXXIX,

290 1909 371 1949 qua
400 1898 627 1937 coniuratio
657 1902 721 1938 est
741 1898 865 1946 facta,
888 1897 1017 1945 cuius,
1041 1900 1144 1944 teste
1165 1896 1382 1943 Suetonio,
1405 1897 1543 1937 memi-

290 1965 355 2004 nit
388 1965 617 2012 Tanusius,
658 1977 788 2016 usque
827 1965 878 2005 ad
917 1963 1271 2010 DCLXXXXIX,
1304 1977 1384 2016 quo
1417 1964 1541 2011 Calo,

291 2034 395 2070 teste
423 2030 613 2070 Tanusio
634 2031 739 2083 apud
763 2032 894 2079 Plut„
919 2035 1101 2070 atrocem
1125 2030 1236 2068 illam
1259 2031 1300 2069 in
1322 2032 1539 2069 Caesarem

290 2097 534 2136 sententiam
564 2094 684 2149 dixit)
713 2096 818 2135 nihil
850 2096 1046 2136 Volusius
1069 2095 1247 2136 Catulli:
1280 2107 1412 2147 neque
1430 2095 1539 2134 enim

291 2165 454 2201 constat
474 2160 689 2200 Volusium
711 2161 897 2201 historiis
919 2159 1151 2201 scribendis
1179 2173 1344 2212 operam
1366 2160 1539 2207 dedisse,

292 2238 424 2279 neque
461 2226 702 2268 Tanusz‘um
723 2226 953 2267 Geminum
972 2225 1186 2280 aequalem
1215 2226 1368 2268 Catulli
1393 2226 1538 2266 fuisse.

1794 2527 1808 2563 ἲ

1757 2657 1760 2660 ⁴
1779 2649 1815 2696 ᾖ)

1781 2707 1815 2730 ι’-Ἶ

1742 2826 1745 2850 .“
1761 2819 1815 2866 ,³3

1738 2932 1815 2973 138
