1815 2973
661 175 663 178 ’
712 182 759 207 An
780 179 964 224 cnutum
985 175 1019 215 2,
1029 174 1093 207 7-8
1412 204 1418 209 .
1447 210 1450 213 ,
1471 174 1501 208 ’9

266 243 269 247 ’
296 222 352 289 ut
369 235 625 296 contendam
645 249 744 291 hinc
762 251 877 304 sequi
895 264 1060 303 versum
1081 264 1174 292 esse
1194 252 1394 304 spurium,
1416 264 1539 304 quam

152 350 159 357 .
282 308 340 363 sut
367 314 614 367 redarguam
634 327 716 361 eos,
738 317 819 366 qui,
840 317 1001 355 collatis
1023 316 1080 370 (id
1099 317 1200 356 facit
1219 314 1407 369 Ellisius)
1428 318 1538 369 apud

301 380 482 423 Celsium
520 379 572 433 (2,
577 380 618 434 8)
651 378 793 432 febris
834 381 1002 433 qui‘evzt
1039 386 1161 435 atque
1203 381 1310 434 apud
1353 381 1535 422 Plinium

288 444 445 497 (Epist.
475 444 651 498 4‚21‚92)
679 458 836 498 mayno
866 450 1007 487 tamen
1035 448 1226 498 fomento
1256 448 1381 487 dolor
1410 459 1536 488 meus

297 511 558 563 adquiescet,
597 505 791 550 videntur
812 543 821 559 ,
859 512 936 552 etsi
970 511 1012 553 id
1049 507 1137 552 sibi⁴
1161 513 1413 565 propositum
1449 525 1536 553 non

297 576 543 622 habuerunt,
574 586 741 615 versum
770 576 931 616 Catullo
959 577 1186 618 vindicare.
1207 578 1294 617 Eae
1315 579 1424 617 enim
1441 590 1536 618 auc-

296 642 482 681 toritates
525 653 609 681 non
650 641 833 694 probant?
867 643 1092 694 genuinum
1129 655 1296 682 versum
1326 655 1429 690 esse,
1461 642 1534 683 sed

295 706 572 748 tantummodo
601 720 720 759 posse
749 720 854 748 esse.
885 729 937 737 —
969 708 1116 748 Ardor
1143 720 1245 748 vero
1275 709 1410 761 prodit
1438 709 1534 748 for-

295 777 403 813 tasse
423 772 777 825 interpolatorem:
803 773 931 812 semel
949 772 1029 813 hoc
1057 785 1217 825 quoque
1252 773 1532 814 tantummodo

295 840 477 880 occurrit
505 838 548 877 in
576 838 751 890 ‘reliquis
780 838 1025 878 Catullianis
1055 839 1253 885 omnibus,
1286 843 1328 878 et
1365 839 1533 879 diversa

296 905 462 946 omnino
490 904 532 943 vi
562 902 732 956 (6229).
765 901 912 951 Mirum
942 908 1059 949 esset,
1083 904 1180 943 siin
1202 916 1284 944 uno
1305 904 1531 956 eodemque

292 969 496 1009 versiculo
525 968 603 1008 duo
630 968 757 1007 verba
786 970 970 1008 inessent
999 968 1098 1008 alibi
1127 981 1326 1020 nusquam
1356 981 1381 1009 a
1409 974 1530 1022 poeta

294 1039 506 1086 usurpata.
540 1033 619 1073 Sed
661 1036 722 1072 est
763 1033 875 1072 aliud
915 1037 954 1072 et
982 1034 1111 1073 multo
1140 1035 1285 1073 maius.
1318 1035 1529 1080 Quantum

293 1100 401 1139 enim
429 1098 530 1137 mihi
558 1099 720 1138 curiose
749 1098 961 1150 quaerenti
989 1102 1242 1149 compertum
1283 1103 1359 1145 est,
1391 1100 1531 1139 ardor

293 1163 566 1216 significabat,
598 1166 734 1202 aetate
760 1163 834 1201 illa
865 1163 1149 1210 Ciceroniana,
1181 1164 1386 1204 ardorem
1406 1176 1529 1216 gene-

293 1229 430 1274 ratim,
454 1240 538 1267 non
566 1239 781 1268 amorem:
810 1228 983 1267 verbum
1003 1228 1137 1280 itaque
1159 1241 1242 1267 non
1271 1230 1530 1280 usurpabant

288 1292 486 1339 absolute,
517 1295 639 1332 immo
667 1293 871 1331 addebant
899 1305 1058 1344 semper
1087 1292 1288 1344 quodnam
1319 1297 1428 1332 esset
1457 1306 1530 1344 ge-

291 1372 371 1403 nus
382 1358 556 1405 ardoris,
604 1356 724 1409 idque
777 1356 987 1397 faciebant
1029 1355 1312 1398 indifferenter
1355 1362 1395 1398 et
1438 1371 1529 1398 cum

291 1436 433 1464 vocem
453 1424 619 1475 propria
649 1421 947 1473 significatione
978 1422 1232 1474 usurpabant
1259 1422 1353 1474 (hoc
1383 1422 1525 1463 modo:

239 1506 245 1510 ·
287 1489 424 1529 ardor
468 1488 577 1528 solis
613 1486 720 1539 quod
761 1486 887 1535 habes
931 1486 1036 1538 apud
1078 1487 1334 1527 Lucretium
1376 1487 1522 1535 2,21Ο;

292 1555 430 1593 ardor
456 1553 736 1604 flammarum
765 1551 872 1603 quod
900 1550 1028 1590 habes
1048 1551 1154 1603 apud
1176 1552 1348 1591 eundem
1369 1552 1528 1592 Lucre-

290 1624 403 1659 tium
445 1617 613 1664 5,1091‚
660 1617 841 1657 ardores
881 1616 1078 1667 febrium
1116 1617 1223 1669 quod
1251 1618 1382 1657 habes
1421 1617 1528 1669 apud

291 1684 489 1725 Plinium
519 1678 622 1723 Nat.
650 1681 763 1723 Hist.
786 1681 940 1735 20,8‚3)
961 1685 1000 1722 et
1020 1695 1112 1722 cum
1132 1682 1408 1735 metaphorice
1427 1694 1529 1723 voce

288 1750 508 1790 utebantur
537 1747 632 1801 (hoc
662 1747 780 1787 modo
808 1747 946 1787 ardor
974 1747 1116 1787 animi
1133 1747 1239 1799 apud
1268 1747 1522 1802 Ciceronem

288 1816 415 1855 Brut.
435 1813 509 1861 24;
543 1812 680 1852 ardor
707 1812 859 1851 mentis
888 1811 994 1863 apud
1024 1812 1278 1852 Ciceronem
1304 1824 1391 1862 pro
1424 1808 1518 1854 Coe»

285 1880 350 1919 lio
378 1878 454 1924 31;
487 1878 623 1917 ardor·
650 1877 941 1926 cupiditatum
969 1876 1076 1928 apud
1107 1876 1355 1916 Ciceronem
1375 1878 1427 1917 de
1445 1879 1526 1929 fini

289 1943 368 1983 bus
396 1946 471 1982 etc.
503 1940 688 1988 1‚13‚43;
722 1941 858 1979 ardor·
885 1943 1108 1980 amantum
1129 1941 1234 1992 apud
1255 1942 1528 1982 Lucretium-

286 2006 458 2055 4,1069;
492 2006 601 2046 ardo
630 2006 791 2045 civium
818 2005 924 2057 apud
951 2004 1181 2045 Horatium
1212 2005 1358 2045 Carm.
1388 2006 1522 2053 3,3‚2;

284 2073 421 2112 ardor
449 2071 554 2111 belli
581 2070 687 2122 apud
714 2070 890 2110 Livium
919 2068 1042 2122 34‚1).
1073 2081 1077 2087 ·

343 2136 460 2183 Quod
478 2136 512 2175 si
540 2134 757 2186 aliquando
775 2147 876 2174 voce
896 2135 1055 2175 ardore
1074 2136 1299 2175 utebantur
1320 2136 1522 2183 absolute,

287 2200 329 2240 id
349 2205 413 2239 est
433 2212 517 2238 non
537 2199 695 2238 adiecto
715 2210 869 2250 genere
890 2199 1065 2246 ardoris,
1085 2198 1126 2238 id
1145 2199 1366 2245 faciebant,
1391 2204 1525 2240 aetate

287 2264 448 2320 quidem
478 2265 752 2305 Ciceroniana
773 2264 822 2304 de
842 2276 923 2316 qua
938 2264 1157 2317 loquimur,
1175 2277 1258 2304 non
1274 2266 1519 2316 promiscue,

285 2331 356 2371 sed
370 2327 647 2371 tantummodo
662 2330 730 2369 ubi
746 2329 993 2368 vocabulum
1009 2333 1279 2381 usurparetur
1308 2330 1527 2381 significa-

286 2398 398 2437 tione
410 2398 576 2448 propria
607 2399 650 2434 ut
667 2395 817 2435 Cicero
833 2395 975 2435 scribit
991 2394 1138 2448 (Acad.
1152 2396 1299 2446 prior.
1315 2396 1523 2448 2‚37‚119)
